5775 6867
494 786 551 849 1‘11
1100 775 1344 844 ΤΗΕΟΒΟΒΙ
1366 776 1518 843 ΒΕΖΔΕ
1546 776 1658 842 VIuA
1681 775 1884 844 OALVINI.
2428 781 2489 844 172

491 971 601 1036 miuus
623 969 703 1036 seito
725 988 823 1051 quam
847 985 924 1031 vere
946 964 1143 1030 nalumniam
1163 966 1263 1031 istam
1286 966 1382 1050 longe
1403 966 1465 1031 im·
1488 968 1495 1056 Ι
1518 966 1554 1030 ἰιι
1585 965 1767 1048 republioa,
1810 973 1908 1050 atque
1950 965 2031 1032 adso
2063 987 2122 1050 pro
2153 965 2311 1033 tribunali
2343 964 2489 1033 sedisse?

491 1053 761 1140 pudentissimum
794 1051 945 1118 refellens
973 1049 1024 1128 (iu
1051 1049 1188 1134 praefat
1217 1051 1253 1115 in
1282 1051 1464 1118 Commeat.
1518 1050 1586 1117 Alii
1618 1052 1716 1116 etiam
1748 1051 1840 1116 illum
1870 1052 1979 1118 neseio
2008 1073 2104 1135 quem
2131 1052 2244 1118 vivum
2271 1073 2331 1136 pro
2359 1060 2491 1118 mortuo

491 1141 527 1207 in
549 1138 712 1224 Psalmos)
727 1140 751 1221 ¹)
774 1139 855 1204 haee
876 1136 976 1203 verba
996 1136 1176 1218 usurparit:
1210 1136 1267 1201 Me
1294 1159 1362 1202 non
1394 1157 1466 1201 esse
1518 1135 1676 1202 oadavere
1710 1136 1898 1216 exeitando,
1934 1138 2086 1204 universo
2121 1138 2220 1203 etiam
2247 1145 2331 1204 toste
2359 1135 2491 1221 populo,

491 1227 720 1312 peauuiosum,
760 1223 790 1288 si
821 1221 1017 1306 quibusdam
1050 1222 1144 1287 vivus
1178 1242 1243 1286 nou
1276 1220 1466 1306 persuadeo,
1518 1223 1726 1305 supposuisse
1758 1222 1961 1300 fabulantur,
1994 1223 2080 1306 quod
2109 1245 2172 1288 nou
2201 1226 2311 1289 minus
2337 1223 2492 1307 putidum

491 1332 582 1378 mors
603 1318 714 1375 tamen
736 1309 894 1375 ostendet.
934 1307 1064 1372 Testari
1086 1315 1173 1372 certe
1194 1314 1303 1391 potest
1323 1317 1466 1385 senatus,
1518 1306 1741 1384 mendatium,
1771 1329 1868 1391 quam
1891 1310 1918 1374 si
1940 1309 2066 1373 Romae
2088 1329 2173 1392 papa
2194 1309 2295 1375 fuisse
2316 1307 2492 1389 dioeretnr,

492 1417 595 1482 quum
616 1396 797 1479 perexigua
825 1400 936 1460 essent
956 1393 1027 1457 eius
1048 1392 1225 1476 stipendia,
1256 1401 1387 1458 tantum
1409 1393 1467 1458 ab·
1519 1415 1620 1460 ausus
1641 1402 1693 1459 est
1712 1392 1938 1476 rapsodusille
1950 1393 2156 1473 Serbonieus,
2180 1393 2338 1460 Claudius
2353 1394 2492 1478 Sponsa,

491 1482 592 1549 fuisse
614 1490 653 1547 ut
673 1482 708 1546 in
731 1481 778 1546 eis
800 1501 866 1545 non
888 1479 1115 1562 acquiesooret,
1138 1488 1175 1544 ut
1192 1480 1350 1561 ampliora
1368 1479 1466 1544 etiam
1518 1478 1826 1545 maledioentissimo
1864 1479 2006 1562 quodam
2047 1480 2131 1545 libro
2173 1481 2346 1546 iuouloare.
2400 1478 2493 1562 Quid

492 1566 604 1635 oblata
633 1566 843 1649 pertinaciter
874 1564 1043 1630 reeusarit.
1094 1563 1306 1647 Exprobrant
1338 1565 1368 1630 ei
1399 1563 1466 1641 alii,
1519 1565 1607 1630 enim
1629 1565 1708 1630 istos
1729 1563 1873 1650 pudeat?
1908 1563 1975 1632 Sed
2006 1565 2070 1631 ista
2099 1586 2204 1650 neque
2226 1564 2313 1649 apud
2346 1585 2401 1632 eos
2434 1565 2493 1648 qui

493 1652 581 1738 quod
597 1652 686 1718 illius
704 1653 803 1717 irater
815 1651 980 1716 Antonius
991 1649 1149 1715 Calvinus
1167 1650 1308 1731 priorem
1329 1669 1466 1714 uxorem
1519 1658 1648 1715 tautum
1677 1648 1765 1716 huno
1793 1651 1901 1716 virum
1931 1657 2069 1729 norunt,
2103 1672 2208 1734 neque
2236 1648 2323 1734 apud
2344 1658 2493 1733 posteros

493 1760 588 1808 suam
637 1737 679 1803 ob
721 1736 918 1802 adulterium
962 1735 1094 1818 cognita
1136 1756 1233 1802 eausa
1275 1735 1465 1819 repudiarit.
1519 1736 1590 1800 sani
1612 1734 1724 1800 iudicii
1745 1736 1911 1816 homiues,
1941 1736 1996 1819 qui
2024 1756 2131 1801 mores
2153 1737 2296 1801 hominis
2318 1758 2358 1801 ex
2386 1735 2494 1819 ipsius

494 1823 585 1907 Quid
602 1844 679 1907 ergo
697 1821 842 1888 dicerent
859 1821 916 1897 illi,
939 1822 967 1885 si
984 1818 1167 1885 adulteram
1185 1820 1339 1886 fovisset?
1369 1818 1467 1899 Quod
1519 1821 1648 1904 seriptis
1670 1821 1899 1897 aestimabunt,
1922 1822 2119 1887 refutatione
2140 1820 2297 1905 indigent
2333 1823 2406 1906 Ego
2427 1821 2495 1887 his-

494 1911 526 1979 si
545 1910 581 1974 in
602 1930 677 1974 eum
695 1906 855 1973 redundat
873 1906 935 1972 hoo
951 1904 1135 1988 impudicae
1152 1906 1299 1971 mulieris
1317 1904 1465 1983 dedecus,
1519 1906 1635 1971 teriam
1662 1907 1751 1972 vitae
1783 1915 1816 1972 et
1844 1907 1952 1974 obitus
1977 1907 2096 1990 ipsius,
2130 1909 2222 1973 ouius
2250 1915 2414 1990 spectator
2440 1927 2494 1973 se-

517 1994 572 2061 uid
600 1994 659 2058 fiet
680 1993 805 2070 Iaoobi,
835 1991 989 2069 Doridis,
1021 1991 1124 2074 ipsius
1153 1990 1291 2073 denique
1320 1991 1380 2056 filii
1403 1990 1466 2054 Dei
1520 1991 1624 2057 deoim
1646 2012 1749 2057 anuos
1770 1993 1828 2073 fui,
1850 1994 1936 2058 bona
1956 1992 2021 2058 fide
2041 2002 2256 2077 persequutus
2277 1994 2393 2059 testari
2409 1992 2496 2058 mihi

493 2018 653 2160 damiliae,
685 2082 719 2143 in
747 2098 812 2162 qua
838 2080 974 2160 ipsemet
1005 2074 1168 2141 diabolum
1196 2099 1236 2141 ex
1267 2077 1336 2142 suis
1363 2096 1467 2141 unum
1519 2078 1641 2158 optimo
1664 2078 1734 2144 iure
1756 2098 1851 2161 posse
1872 2077 1996 2157 videor,
2018 2079 2115 2163 longe
2136 2078 2394 2161 pulcherrimum
2414 2099 2497 2147 vere

496 2166 617 2232 diserte
640 2163 786 2230 notavit?
826 2162 959 2228 Delitiis
986 2161 1110 2228 amlioet
1131 2162 1224 2228 illum
1246 2174 1280 2227 et
1301 2161 1395 2227 luxui
1417 2162 1466 2225 in·
1520 2163 1716 2229 christianae
1758 2173 1829 2229 tum
1863 2164 1949 2230 vitae
1982 2172 2052 2229 tum
2083 2165 2198 2230 mortis
2231 2164 2420 2248 exemplum
2458 2165 2496 2228 in

494 2251 633 2319 dulsisse
671 2259 720 2316 tot
757 2249 861 2333 ipsius
900 2248 1049 2313 laborum
1088 2255 1188 2312 testes
1229 2248 1466 2313 demonstrant
1520 2246 1581 2314 hoo
1610 2248 1742 2314 homine
1770 2250 1897 2316 eunetis
1925 2251 2125 2333 propositum
2157 2251 2272 2330 fuisse,
2305 2250 2391 2334 quod
2424 2256 2496 2315 tam

495 2335 607 2419 Quid?
631 2336 716 2420 quod
740 2334 913 2400 nonnullos
935 2334 1035 2398 etiam
1058 2332 1163 2399 dicare
1185 2343 1219 2398 et
1241 2333 1381 2399 seribere
1399 2354 1468 2398 non
1518 2332 1612 2399 fauile
1634 2335 1678 2400 sit
1699 2334 1892 2402 calumniari
1910 2357 2008 2419 quam
2025 2334 2158 2402 diffieils
2174 2335 2275 2401 fuerit
2285 2335 2453 2401 aemulari.
2463 2337 2496 2420 ²)

492 2423 602 2508 pudet,
623 2441 777 2506 regnasse
799 2420 893 2485 illum
909 2418 1065 2485 Genavae
1087 2427 1157 2485 tum
1178 2419 1215 2485 in
1237 2418 1373 2486 eoelesia
1394 2426 1467 2483 tum

1607 2554 1638 2622 1)
1657 2553 1785 2624 Sequitur
1805 2554 1953 2625 Gatuiooue
1968 2554 2100 2610 librorum
2118 2572 2136 2609 a
2149 2553 2264 2612 Oetaeae
2281 2558 2499 2626 ammom

584 2629 613 2697 1)
630 2627 707 2680 Hora
724 2626 755 2678 in
772 2624 903 2691 marpine.
1519 2621 1602 2677 ouius
1618 2624 1759 2679 aurientes
1776 2624 1901 2679 lectiones
1918 2639 2005 2692 supra
2023 2625 2186 2679 notavimus.
