5775 6867
459 769 519 832 159
1247 760 1491 830 uflaoaoal
1512 762 1663 828 Baznu
2395 762 2459 826 160

456 977 476 1020 a
498 951 665 1021 cardinali
678 951 701 1037 ¹)
723 951 927 1031 subornatus,
954 957 987 1016 et
1007 950 1237 1036 Navarreno²)
1259 949 1354 1016 malis
1375 970 1428 1015 ar·
1481 949 1575 1015 ritnr.
1606 949 1707 1032 Atqui
1728 948 1789 1014 hoc
1810 951 1880 1032 ipso
1903 948 1955 1014 die
1977 948 2095 1015 accidit
2115 948 2171 1015 ille
2193 947 2278 1032 apud
2300 947 2456 1032 Druydas

455 1039 544 1105 tibus
565 1037 764 1115 conciliatus,
786 1036 936 1101 libellum
957 1037 1129 1121 quendam,
1158 1038 1227 1103 sive
1250 1059 1269 1103 a
1291 1057 1334 1116 se,
1357 1036 1428 1102 sive
1480 1035 1658 1100 acerrimus
1675 1036 1854 1114 conflictus,
1877 1034 1916 1099 de
1938 1055 2001 1118 qno
2019 1035 2142 1119 aliquot
2159 1044 2231 1118 post
2253 1033 2368 1100 diebus
2386 1033 2456 1101 Ge-

455 1126 563 1210 potius
585 1145 605 1189 a
627 1121 813 1189 Cassandro
835 1121 975 1205 quodam
997 1121 1136 1199 editum,
1165 1124 1221 1205 qui
1243 1143 1315 1188 sese
1336 1121 1428 1204 pium
1480 1141 1584 1186 nevae
1605 1120 1669 1185 fuit
1689 1121 1926 1187 renunciatum.

456 1220 489 1277 et
517 1208 721 1276 moderatum
750 1209 860 1274 virum
882 1209 1102 1291 nuncupabat,
1124 1207 1159 1272 in
1181 1208 1257 1274 anla
1280 1207 1427 1274 vendita-
1565 1208 1663 1272 Anno
1685 1213 1912 1289 consequente,
1934 1227 2051 1289 nempe
2072 1216 2172 1286 LXIII,
2196 1207 2242 1272 sic
2270 1204 2458 1271 exacerbati

455 1297 529 1373 bat,
559 1294 793 1360 Interimistico
822 1293 880 1359 illo
903 1292 1053 1359 Caesaris
1077 1295 1117 1359 V.
1140 1293 1246 1360 edicto
1269 1314 1307 1358 eo
1329 1295 1429 1358 etiam
1480 1300 1559 1357 sunt
1580 1292 1652 1357 eius
1674 1291 1778 1357 morbi
1795 1293 1881 1375 iique
1899 1292 2105 1375 multiplices,
2117 1291 2139 1377 ¹)
2161 1298 2198 1356 ut
2220 1291 2318 1374 plane
2340 1291 2386 1356 sit
2402 1291 2457 1354 in·

456 1381 658 1458 deteriorem,
682 1380 768 1462 qnod
785 1377 970 1445 moderatae
991 1377 1160 1446 cniusdam
1178 1378 1429 1445 instaurationis
1480 1376 1634 1444 credibile
1655 1377 1690 1442 in
1712 1377 1902 1461 corpusculo
1929 1384 1998 1442 tam
2020 1377 2196 1456 imbecillo,
2219 1383 2269 1443 tot
2289 1373 2457 1444 laboribus

456 1469 563 1550 specie
581 1487 694 1531 omnes
707 1465 733 1551 8)
754 1473 894 1549 papatus
912 1486 1005 1530 ccrru
1030 1464 1112 1530 telas
1129 1473 1286 1530 tueretur.
1316 1465 1429 1529 Huius
1480 1462 1649 1542 exhausto,
1672 1471 1723 1527 tot
1745 1463 1883 1546 denique
1901 1463 2022 1528 morbis
2044 1465 2165 1542 attrito,
2188 1470 2255 1528 tam
2276 1463 2395 1528 fortem
2418 1482 2458 1528 11

456 1555 504 1619 rei
534 1575 554 1617 a
581 1573 633 1617 mc
662 1551 935 1618 commonefactus
957 1487 1116 1616 Calvinus
1138 1551 1366 1617 refutationem
1387 1550 1428 1613 li·
1480 1569 1676 1634 generosum
1703 1550 1851 1613 animum
1884 1549 2042 1614 contineri
2070 1549 2193 1614 diutins
2221 1548 2381 1631 potuisse,
2411 1549 2458 1614 si·

455 1638 533 1705 belli
556 1637 673 1717 edidit,
700 1637 753 1702 cui
781 1658 857 1701 mcx
879 1637 943 1701 alia
971 1645 1050 1702 sunt
1071 1636 1224 1702 adiuncta
1245 1657 1328 1719 quae
1349 1634 1427 1700 Bal-
1480 1634 1610 1718 quidem
1639 1656 1682 1699 ne
1703 1644 1782 1701 tnnc
1802 1633 1933 1717 quidem
1961 1633 2078 1700 adduci
2099 1634 2215 1717 potuit,
2237 1641 2277 1698 ut
2299 1634 2360 1698 sibi
2382 1653 2458 1716 par·

456 1724 549 1790 duini
570 1723 739 1807 ingenium
756 1731 789 1787 et
808 1721 993 1786 institutum
1011 1723 1179 1804 quibusvis
1197 1723 1427 1805 patefacerent.
1479 1730 1576 1786 caret.
1620 1721 1692 1785 Imc
1715 1722 1743 1785 si
1766 1719 1897 1804 quando
1921 1718 2021 1803 (quod
2043 1741 2212 1803 nunquam
2235 1721 2298 1785 nisi
2319 1720 2457 1803 penitus

456 1810 531 1876 Hoc
552 1830 630 1875 vero
651 1828 851 1890 concoquere
874 1829 940 1872 111
961 1809 1068 1889 potuit
1090 1808 1214 1886 rabula,
1236 1829 1340 1890 neque
1362 1828 1428 1870 ma
1480 1807 1606 1872 invitus
1627 1805 1732 1891 fecit),
1758 1805 1888 1889 publico
1909 1827 1968 1871 suo
1991 1827 2126 1871 munere
2149 1806 2341 1883 abstinebat,
2364 1804 2457 1871 domi

457 1897 508 1980 gis
536 1895 675 1960 alterum
702 1914 811 1959 meum
841 1913 1050 1975 responsum:
1076 1912 1138 1958 nec
1159 1892 1200 1958 ab
1222 1914 1259 1958 eo
1282 1900 1428 1975 tempore
1479 1892 1605 1957 interea
1627 1892 1679 1958 vel
1691 1891 1936 1959 consulentibus
1957 1891 2185 1975 respondebat,
2208 1891 2456 1958 velamanuen-

458 1980 635 2049 Calvinum
656 1987 689 2044 et
710 1999 763 2043 me
784 1978 976 2044 meretriciis
1002 1979 1158 2045 conviciis
1188 1978 1345 2061 impetere
1372 1977 1427 2042 de·
1479 1997 1531 2042 ses
1563 1976 1712 2043 dictando
1738 1975 1922 2043 indefessus
1945 1978 2014 2060 ipse
2040 1977 2207 2062 fatigabat.
2251 1978 2360 2059 Atque
2382 1977 2456 2043 eius

457 2067 549 2144 stitit,
572 2066 674 2130 donec
691 2084 776 2129 anno
798 2065 965 2147 superiore
973 2063 1000 2149 ⁴)
1021 2062 1091 2130 Deo
1108 2065 1359 2146 hominibusque
1381 2063 1427 2126 al·
1479 2063 1528 2127 rei
1549 2062 1646 2127 fidem
1668 2063 1794 2129 faciunt
1815 2069 1885 2128 tum
1908 2063 2004 2127 binae
2025 2063 2101 2129 illae
2122 2063 2263 2128 maxime
2285 2062 2390 2128 seriae
2412 2061 2456 2128 ad

457 2151 613 2217 terutrius
646 2149 828 2233 religionis,
860 2171 942 2234 quos
972 2150 1067 2215 toties
1096 2149 1270 2226 fefellerat,
1300 2149 1427 2215 invisus
1479 2147 1621 2214 Poloncs
1643 2148 1880 2214 admonitiones
1902 2147 2059 2214 adversus
2076 2148 2282 2232 blasphemos
2303 2148 2378 2213 illos
2400 2169 2476 2215 sa·¹

455 2237 611 2304 Lutetiae
632 2235 726 2300 litem
748 2235 857 2302 nescio
879 2255 977 2320 quam
998 2255 1206 2319 persequens,
1231 2236 1303 2301 sive
1324 2234 1428 2301 livore
1480 2254 1553 2298 crae
1584 2233 1697 2299 triadis
1724 2234 1848 2300 hostes:
1877 2242 1950 2299 tum
1982 2235 2080 2300 etiam
2110 2235 2196 2317 quod
2223 2233 2379 2299 fratribus
2410 2253 2456 2301 ex

400 2355 402 2359 ⁴
454 2322 640 2401 tabescens,
671 2320 757 2405 quod
785 2321 886 2387 alium
907 2321 970 2386 sibi
991 2321 1174 2405 praelatum
1197 2321 1339 2399 videret,
1372 2319 1428 2403 qui
1480 2319 1605 2404 synodo
1627 2320 1846 2404 Lugdunensi
1873 2318 1915 2385 ad
1937 2340 1973 2385 se
1994 2321 2102 2386 missis
2128 2318 2350 2385 abunde'tum
2373 2339 2455 2386 voce

454 2408 638 2474 Henricum
659 2407 722 2472 ΙΙΙ.
752 2407 786 2471 11
816 2406 973 2472 Ρ1111111
999 2428 1138 2490 regnum
1170 2408 1428 2489 proficiscentem
1480 2414 1551 2470 tum
1573 2406 1704 2488 scriptis
1729 2405 1910 2488 respondit,
1939 2405 2024 2489 quod
2046 2406 2294 2472 commentarios
2315 2405 2350 2469 in
2371 2426 2455 2490 qua·

454 2496 675 2572 comitaretur,
698 2493 808 2558 vivere
830 2493 929 2558 simul
950 2513 987 2558 ac
1008 2491 1202 2558 maledicere
1225 2492 1329 2558 desiit
1480 2499 1555 2555 tuor
1582 2492 1686 2556 Mosis
1715 2491 1814 2556 libros
1840 2491 1960 2557 latinos
1994 2492 2109 2568 edidit,
2133 2491 2218 2574 quod
2246 2489 2382 2576 gallicos
2410 2513 2455 2558 ex

1479 2575 1592 2641 latinis
1614 2577 1772 2659 ipsosmet
1793 2577 1885 2656 fecit,
1909 2576 1993 2661 quod
2017 2576 2157 2660 denique
2178 2577 2456 2644 commentarium

540 2665 639 2729 Anno
661 2685 737 2729 vero
759 2673 838 2728 LXII
867 2684 933 2728 non
955 2660 1051 2728 modo
1075 2683 1163 2746 pace,
1186 2662 1244 2729 sed
1266 2663 1366 2728 etiam
1388 2662 1428 2727 li·
1479 2662 1516 2726 in
1547 2662 1669 2727 librum
1696 2662 1830 2742 Iosuae,
1863 2663 1919 2747 qui
1950 2663 2015 2728 fuit
2047 2663 2182 2728 ultimus
2215 2664 2317 2745 ipsius
2349 2662 2454 2743 labor,

454 2752 582 2817 bertate
603 2749 740 2815 Gallicis
769 2747 914 2815 ecclesiis
935 2748 1062 2814 solenni
1090 2749 1181 2832 regio
1204 2748 1309 2815 edicto
1331 2749 1428 2813 certis
1479 2748 1545 2813 iam
1574 2755 1645 2812 tum
1666 2747 1845 2829 inchoavit,
1877 2769 1973 2831 quem
2002 2748 2136 2814 tandem
2158 2747 2373 2814 moribundus
2395 2747 2454 2816 ab·

455 2834 693 2902 conditionibus
716 2854 878 2913 concessa,
900 2855 976 2899 mox
999 2841 1109 2899 autem
1131 2834 1323 2900 Navarreno
1346 2854 1426 2918 pon·
1480 2832 1585 2900 solvit.

455 2922 565 2987 tificiis
592 2921 717 2986 artibus
744 2920 935 2998 subornato,
965 2941 1065 3002 quum
1089 2920 1225 2986 Guisius
1254 2919 1341 2984 edita
1369 2919 1427 2984 illa

454 3006 591 3072 immani
617 3006 819 3072 Vassiacena
851 3015 960 3089 strage
991 3004 1163 3071 classicum
1195 3007 1362 3072 cecinisset
1394 3013 1428 3070 11
1568 3005 1688 3070 Annus
1721 3011 1831 3070 autem
1863 3013 1953 3069 LXIV
1984 3025 2083 3088 supra
2129 3005 2455 3088 sesquimillesimum

455 3091 579 3157 bellum
601 3090 684 3156 illud
711 3091 807 3157 civile
830 3091 883 3156 his
904 3091 1056 3173 auspiciis
1079 3092 1236 3173 coepisset
1256 3113 1319 3174 quo
1340 3112 1427 3156 nunc
1478 3091 1540 3173 ipsi
1564 3089 1696 3173 quidem
1717 3097 1893 3174 perpetuae
1915 3091 2085 3167 felicitatis,
2109 3091 2202 3158 nobis
2224 3099 2333 3157 antem
2354 3093 2455 3178 longe

455 3185 542 3243 totos
563 3187 618 3241 XII
647 3198 752 3242 annos
774 3177 895 3243 misera
906 3176 1017 3242 Gallia
1035 3176 1203 3260 deflagrat,
1225 3185 1304 3259 quot
1321 3198 1425 3259 quan·
1478 3175 1616 3241 maximi
1636 3175 1871 3259 iustissimique
1892 3175 2012 3242 doloris
2023 3177 2153 3241 initium
2171 3177 2241 3242 fuit.
2279 3175 2455 3261 Siquidem

454 3269 571 3347 tacque
592 3283 689 3328 curae
710 3263 888 3328 Calvinum
909 3263 1107 3328 confecerint
1128 3261 1192 3329 dici
1214 3284 1280 3327 non
1302 3269 1424 3345 potest:
1477 3271 1524 3326 VI.
1536 3261 1632 3327 Febr.
1652 3262 1815 3328 asthmata
1832 3283 1945 3329 vocem
1963 3263 2033 3328 eins
2050 3262 2282 3346 praepediente
2299 3264 2454 3332 ultimam

455 3349 503 3416 sic
526 3348 624 3414 etiam
647 3348 951 3432 ingravescentibus
973 3348 1042 3413 eius
1063 3347 1186 3414 morbis
1209 3354 1246 3413 ut
1267 3349 1331 3413 iam
1354 3355 1425 3413 tum
1478 3346 1594 3413 habuit
1625 3349 1829 3428 concionem,
1863 3356 1896 3413 et
1927 3348 1967 3414 ab
2000 3369 2038 3413 eo
2060 3356 2222 3431 tempore,
2251 3371 2289 3414 eo
2311 3358 2453 3435 excepto

454 3435 550 3500 illum
590 3432 739 3500 divinare
770 3434 884 3500 liceret
916 3434 958 3499 11
991 3435 1157 3500 meliorem
1191 3436 1293 3502 vitam
1326 3435 1425 3500 citato
1478 3432 1562 3516 quod
1585 3432 1756 3516 aliquoties
1778 3432 1820 3497 ad
1837 3434 2098 3519 congregationis
2115 3443 2244 3500 coetum
2263 3434 2454 3518 deportatus

454 3520 558 3604 gradu
587 3518 748 3605 progredi.
799 3521 869 3586 Neo
899 3527 1010 3586 tamen
1042 3520 1202 3587 consolari
1235 3528 1268 3585 et
1299 3521 1426 3585 hortari
1479 3516 1579 3602 (quod
1600 3519 1648 3584 illi
1669 3519 1786 3584 ultimo
1808 3520 1921 3585 Martii
1942 3521 2157 3588 novissimum
2177 3519 2293 3587 accidit
2309 3523 2455 3604 paucula

454 3627 738 3688 unumquemque,
765 3606 831 3671 imo
854 3628 895 3671 ne
916 3606 1100 3673 concionari
1127 3604 1259 3689 quidem
1280 3614 1313 3671 11
1334 3605 1426 3670 theo-
1479 3604 1580 3671 verba
1599 3605 1687 3683 fecit,
1709 3605 1800 3669 omni
1822 3604 1957 3671 docendi
1979 3628 2116 3673 munere
2138 3607 2305 3673 abstinuit.
2337 3607 2454 3692 Ipsius

454 3692 577 3776 logiam
616 3692 650 3755 in
691 3691 802 3757 schola
834 3693 979 3777 profiteri
1012 3690 1151 3757 destitit:
1185 3692 1355 3774 emisitque
1388 3710 1427 3756 1ο
1478 3690 1585 3755 morbi
1622 3689 1865 3757 incredibilibus
1903 3693 2004 3757 animi
2046 3693 2251 3776 corporisque
2283 3693 2455 3763 laboribus

456 3798 544 3842 anno
571 3776 825 3858 pulcherrimam
853 3776 947 3843 Fidei
970 3776 1215 3843 Confessionem
1248 3777 1290 3842 ad
1322 3785 1427 3843 status
1479 3777 1635 3842 contracti
1657 3777 1741 3841 varii
1763 3776 2024 3861 multiplicesque
2045 3778 2198 3856 fuerunt,
2219 3779 2268 3844 uti
2290 3801 2349 3844 sua
2370 3800 2455 3864 qua·

455 3860 594 3945 Imperii
614 3862 822 3928 Francofurti
844 3871 923 3929 tunc
944 3870 1155 3946 congregatos
1177 3863 1307 3928 nomine
1328 3863 1428 3928 Prin·
1479 3861 1555 3926 dam
1577 3861 1618 3927 ad
1640 3861 1782 3928 medicos
1804 3863 2097 3946 Monspessulanus
2127 3864 2264 3948 epistola
2286 3863 2374 3930 edita
2396 3886 2456 3934 ees

456 3949 539 4030 cipis
567 3946 751 4013 (londensis
785 3955 817 4012 11
847 3950 975 4031 piorum
1000 3949 1162 4027 omnium,
1191 3969 1272 4031 quos
1299 3956 1427 4031 praeter
1480 3948 1553 4032 ipse
1591 3957 1768 4030 percenset.
1811 3949 2047 4032 Praeterquam
2079 3951 2168 4015 enim
2200 3950 2287 4034 quod
2318 3973 2456 4035 corpore

455 4033 535 4099 belli
563 4033 641 4115 ipsis
668 4032 883 4099 iniustissime
911 4033 995 4099 illati
1023 4035 1179 4098 iniuriam
1200 4034 1428 4119 indignissime
1480 4034 1543 4098 fuit
1563 4040 1681 4099 natura
1701 4033 1880 4114 imbecillo,
1914 4035 2088 4102 macilento
2117 4043 2150 4102 11
2171 4034 2212 4101 11
2234 4036 2343 4102 tabem
2365 4037 2458 4106 ultro

457 4119 556 4184 etiam
579 4118 664 4200 apud
683 4118 867 4184 Germanos
889 4128 968 4185 tunc
989 4119 1146 4185 falsorum
1163 4118 1352 4205 dogmatum
1370 4142 1429 4185 no-
1480 4118 1668 4198 inclinante,
1691 4119 1855 4186 dormiens
1876 4142 1979 4205 paene
2002 4122 2175 4206 vigilabat,
2198 4144 2352 4208 magnam
2374 4123 2459 4190 anni

456 4203 546 4269 mine
567 4202 733 4270 traductos
755 4204 902 4270 auditum
923 4212 1015 4271 esset
1028 4205 1053 4291 ⁵)
1095 4206 1210 4289 Neque
1232 4206 1286 4271 hic
1306 4206 1430 4290 pigebit
1481 4213 1609 4289 partem
1642 4205 1862 4272 concionando
1893 4213 1950 4284 [fot
1972 4218 2021 4271 III.
2047 4215 2078 4285 6]
2116 4207 2260 4274 docendo
2299 4208 2458 4276 dictando

456 4289 613 4373 quiddam
640 4289 922 4357 animadversione
951 4312 1017 4356 non
1042 4290 1214 4376 indignum
1235 4313 1429 4360 commemo-
1481 4291 1700 4358 consumebat
1745 4293 1811 4358 Per
1840 4291 1951 4359 decem
1981 4294 2153 4359 minimum
2183 4314 2287 4360 annos
2313 4295 2457 4378 prandio

459 4396 541 4440 rare.
596 4374 729 4442 Iacebat
758 4397 800 4440 ex
828 4377 974 4461 podagra
996 4376 1156 4451 Calvinus
1184 4379 1219 4443 in
1249 4377 1333 4444 lecto
1354 4389 1429 4444 XIX.
1483 4377 1657 4458 abstinuit,
1692 4384 1730 4442 ut
1762 4377 1889 4443 nullum
1922 4379 2055 4445 omnino
2088 4380 2196 4444 cibum
2219 4388 2311 4445 extra
2333 4387 2457 4449 statam

459 4460 551 4540 Dec,
580 4460 637 4544 qui
667 4461 735 4527 dies
764 4468 835 4527 erat
857 4462 994 4528 Sabbati
1023 4472 1057 4527 et
1078 4463 1202 4530 Boreas
1228 4467 1295 4529 iam
1324 4472 1430 4530 totum
1482 4484 1601 4529 coenae
1620 4464 1735 4528 horam
1752 4477 1905 4543 sumeret,
1927 4474 1964 4529 ut
1987 4486 2062 4530 eum
2083 4466 2205 4531 mirum
2229 4467 2272 4531 sit
2293 4464 2457 4550 phthisim

458 4546 595 4612 biduum
623 4546 723 4612 flabat
751 4569 849 4630 quam
874 4548 1168 4616 vehementissime.
1212 4549 1431 4617 ’1111101111-
1482 4549 1705 4633 effugeretam
1717 4549 1773 4615 diu
1791 4551 1943 4633 potuisse.
1973 4551 2053 4615 Fuit
2071 4558 2180 4616 autem
2199 4553 2229 4617 ci
2245 4552 2458 4621 hemicranea

459 4654 524 4697 nus
553 4632 666 4698 multis
699 4632 922 4700 audientibus:
966 4633 1141 4718 liquidem,
1169 4635 1291 4719 inquit,
1321 4636 1430 4702 nescio
1481 4634 1665 4715 familiaris,
1700 4637 1751 4702 111
1775 4635 1845 4701 1111
1864 4636 1923 4700 illa
1942 4636 2051 4702 inedia
2072 4637 2279 4716 medebatur,
2314 4637 2396 4704 adeo
2418 4647 2457 4706 ut

461 4717 539 4802 quid
571 4717 633 4784 hoo
664 4718 713 4783 rei
741 4718 800 4799 sit,
830 4719 966 4785 videbar
994 4720 1077 4785 mihi
1107 4721 1168 4788 hac
1194 4728 1289 4788 nocte
1318 4721 1430 4787 audire
1482 4742 1716 4804 nonnunquam
1756 4729 1840 4788 totas
1871 4733 1987 4787 XXXVI
2020 4721 2117 4789 horas
2162 4724 2232 4790 cibo
2264 4723 2456 4792 abstineret

460 4810 619 4888 tympana
644 4802 761 4870 bellica
788 4825 885 4887 quam
913 4807 1086 4872 fortissime
1115 4808 1341 4889 personantia,
1370 4828 1430 4873 neo
1483 4805 1550 4876 Sed
1572 4816 1605 4872 et
1627 4807 1748 4891 partim
1770 4828 1811 4872 ex
1833 4809 1922 4873 vocis
1943 4810 2167 4889 contentione,
2200 4810 2331 4892 partim,
2364 4811 2457 4895 quod

460 4897 607 4973 poteram
635 4889 720 4955 mihi
745 4890 959 4974 persuadere,
983 4893 1061 4976 quin
1083 4892 1131 4957 ita
1153 4914 1188 4958 se
1210 4915 1262 4959 res
1284 4893 1429 4959 haberet.
1482 4913 1556 4958 sero
1585 4892 1683 4959 nimis
1711 4891 1975 4959 animadversum
1998 4903 2064 4973 est,
2093 4916 2134 4960 ex
2162 4894 2336 4961 immodico
2365 4896 2457 4965 aloes

460 4974 654 5055 Precemur,
676 4975 822 5056 obsecro,
845 4999 922 5042 nam
943 4979 1076 5044 omnino
1097 4980 1210 5063 magni
1231 4978 1354 5063 aliquid
1376 5000 1430 5062 ge-
1482 4999 1553 5059 usu,
1576 4980 1719 5061 primum
1741 4980 1776 5043 in
1795 4979 2061 5046 haemorrhoidas
2078 5002 2195 5064 easque
2213 4980 2346 5048 tandem
2363 4983 2455 5050 ulos·

1482 5085 1583 5145 rosas,
1605 5063 1722 5130 deinde
1743 5065 1885 5148 quinque
1914 5073 1989 5131 ante
2017 5074 2156 5132 mortem
2186 5067 2281 5134 annis
2310 5069 2347 5133 in
2376 5089 2456 5134 san-

1482 5151 1591 5250 guinis
1623 5152 1861 5233 excreationem
1899 5152 2068 5235 aliquoties
2103 5153 2226 5219 incidit
2281 5153 2457 5235 Quartam

544 5265 577 5403 11
590 5265 657 5387 111.
673 5265 875 5405 ,111111
892 5340 951 5389 ..m
973 5353 991 5389 .
1012 5339 1087 5391 ..a
1104 5338 1148 5392 t.
1238 5342 1326 5393 ...a
1344 5338 1429 5393 a...
1480 5235 1905 5406 Itttjtutlttttt.
1918 5238 2457 5406 {Itttt‘ttttltttttt

461 5418 509 5456 ¹¹⁰⁸
526 5402 656 5526 rhoffi
1481 5408 1637 5492 denique,
1669 5430 1765 5508 quem
1793 5409 1912 5492 alioqui
1944 5432 2115 5510 nunquam
2139 5411 2205 5512 nisi
2233 5412 2355 5496 aliquot
2377 5421 2457 5481 ante

545 5470 576 5677 ἐξ
592 5489 821 5610 aunoilbbi'iorc
837 5556 888 5597 om.
906 5556 972 5598 m
1479 5503 1621 5560 mortem
1640 5496 1809 5561 mensibus
1828 5503 1985 5561 senserat
2027 5495 2148 5564 Medlcl
2168 5518 2382 5583 quaecunque
2403 5522 2456 5568 rc-

593 5610 670 5678 (lwi
686 5611 815 5666 falsorum
838 5611 993 5681 dogmatum
1011 5615 1120 5666 autores
1137 5611 1260 5666 andierat
1277 5612 1427 5668 insimulari
1481 5627 1672 5635 —-—-

459 5675 559 5745 (mi
1566 5681 1595 5751 1)
1611 5683 1684 5753 iique
1702 5683 1865 5752 multiplices
1882 5698 1932 5739 cm.
1951 5699 2017 5741 racc,
