5775 6867
411 785 473 848 737
1245 779 1464 850 ΑΝΝΑΒΕΒ
1489 786 1581 850 1560.
2031 734 2035 748 ·
2351 797 2415 861 ⁷38

761 1002 1034 1070 novennes.
1439 969 1619 1123 mlhstc
1654 1058 1665 1123 l
1704 1060 1711 1075 ,

411 1105 608 1162 pamm
1565 1105 1572 1119 .
1627 1080 1647 1124 a
1674 1081 1743 1125 vrn
1763 1082 1898 1145 propose
1914 1063 1952 1128 de
1968 1083 2105 1131 oommcr
2122 1062 2168 1131 01.
2180 1065 2338 1133 Budael
2353 1069 2414 1137 lee-

500 1191 772 1257 anne
1199 1189 1388 1272 ce
2213 1199 2221 1213 ·
2240 1203 2248 1218 ·
2266 1202 2275 1252 =

414 1275 540 1343 cml
572 1276 734 1359 mmm
767 1297 862 1357 quam
892 1276 1028 1341 mam
1051 1276 1128 1341 ww·
1153 1275 1323 1341 Ulmus
1352 1277 1388 1341 ln
1438 1311 1552 1378 Made
1574 1315 1677 1381 Beue
1702 1337 1738 1382 se
1767 1318 1851 1382 tient
1877 1318 1984 1401 lequel
2007 1259 2294 1388 Beze'seedllll
2318 1260 2412 1392 vttmqlq

411 1363 521 1428 Anim·
537 1361 644 1444 2111101·
667 1360 704 1428 Ρ·
725 1362 798 1427 HI·
822 1367 890 1425 ¹⁴4·
913 1361 951 1426 L·
972 1360 1013 1424 B·
1036 1366 1117 1425 ¹⁶93
1135 1382 1230 1442 quam
1246 1361 1297 1427 lli
1318 1361 1388 1428 Μ’
1438 1400 1526 1462 tenir
1547 1399 1580 1464 la
1607 1422 1648 1466 ou
1677 1425 1712 1467 se
1735 1405 1838 1468 tenuit
1861 1405 1905 1469 M.
1935 1403 1974 1469 de
1998 1403 2099 1472 Saul
2120 1408 2160 1473 sil
2182 1408 2263 1491 plait
2284 1430 2304 1473 a
2326 1409 2412 1477 Mes·

411 1449 502 1513 lloere
522 1449 601 1514 illel·
1437 1485 1552 1552 sieurs.
1586 1487 1630 1550 Et
1642 1508 1761 1570 pource
1773 1511 1835 1571 que
1847 1491 1893 1556 Μ.
1906 1490 2102 1556 Dauduae
2120 1493 2269 1559 ministre
2291 1497 2413 1562 amai·

497 1599 716 1667 Ornatissimo
740 1599 810 1663 viro
833 1609 865 1665 et
887 1599 1039 1665 ecelesiae
1062 1599 1240 1682 Tigurinae
1263 1599 1385 1668 doctori
1437 1592 1497 1634 ⁸⁰¹¹
1520 1592 1637 1655 P¹⁰P¹⁰
1660 1575 1727 1658 q¹¹ll
1745 1575 1846 1658 lllsslffl
1864 1576 2072 1642 ³M⁰⁸⁸l⁰¹¹f⁸
2095 1577 2255 1728 lllffiffllffl
2276 1583 2413 1663 1161131011

411 1685 600 1752 fidelissimo
622 1687 663 1751 Ι).
682 1687 783 1751 Petro
806 1686 949 1769 Martyri
975 1685 1067 1750 fratri
1093 1685 1245 1767 inprimis
1274 1687 1385 1752 obser·
1437 1677 1519 1739 9⁰¹*
1537 1658 1734 1758 ⁸⁰¹¹,l01fflss0
1753 1682 1878 1760 9⁰m¹31⁰
1900 1682 1941 1725 ⁰¹¹
1960 1662 2111 1728 f³l⁸⁰list
2194 1665 2314 1764 ll¹3⁰⁶·
2351 1670 2413 1732 ΑΙ·-

412 1773 531 1839 vando.
1437 1755 1524 1806 reste
1553 1743 1622 1825 anl
1647 1766 1685 1809 en
1716 1758 1780 1810 sort
1802 1747 1879 1811 fatet
1908 1769 1949 1811 en
1972 1757 2058 1812 ceste
2075 1758 2162 1815 sorte
2184 1759 2409 1819 entrerement

1436 1826 1530 1912 (Rep.
1554 1829 1598 1894 du
1622 1828 1752 1897 Coaseil.
1774 1831 1827 1912 sol.
1853 1837 1893 1896 98
1915 1837 1958 1908 v.)

497 1907 532 1974 S.
555 1909 612 1972 Me
635 1929 760 1991 quoque
778 1906 991 1972 vehementer
1009 1916 1182 1990 rogaverat
1199 1906 1325 1990 Oaspnr
1347 1918 1385 1973 ut

411 2005 445 2058 te
473 1994 513 2059 ad
536 1994 739 2077 provinciam
767 1993 807 2057 de
829 2014 892 2075 qua
914 1994 1044 2064 scribis.
1067 1993 1252 2057 venerande
1273 1996 1383 2073 frater,
1434 1995 1538 2052 Mardi
1555 1998 1597 2053 12.

411 2079 651 2163 suscipiendam
676 2081 826 2144 hortarer
847 2078 928 2143 meis
950 2078 1063 2142 literis.
1090 2077 1185 2158 Quod
1206 2080 1384 2162 tibinuper
1521 2083 1604 2150 Jeaa
1632 2085 1777 2169 Rivery
1802 2087 1914 2153 ocrem
1939 2087 1972 2152 lc
1994 2091 2187 2170 pronesiae
2214 2092 2410 2176 diotprimer

410 2166 597 2248 significare
618 2166 652 2229 in
676 2167 785 2229 animo
808 2174 878 2228 erat
899 2164 964 2228 nisi
986 2163 1079 2228 dolor
1101 2165 1216 2246 eapitis
1237 2165 1383 2230 obstitis·
1433 2169 1489 2233 des
1514 2169 1666 2236 Psoumee
1686 2193 1758 2238 avec
1774 2173 1971 2240 annotatione
1991 2179 2019 2238 el
2039 2174 2073 2239 lo
2087 2197 2184 2257 prose
2201 2181 2410 2261 avecprt'erec

411 2260 470 2328 set,
491 2253 608 2315 nuncio
630 2252 735 2334 magis
757 2271 853 2332 quam
873 2249 1072 2314 credideram
1094 2262 1299 2333 properante.
1345 2253 1382 2316 Si
1433 2274 1478 2319 aa
1494 2254 1566 2320 dotet
1585 2257 1661 2322 duo
1682 2257 1799 2325 chacun
1821 2259 1935 2336 (ibid).

409 2338 446 2401 in
477 2346 532 2401 tuo
555 2336 691 2401 arbitrio
721 2357 773 2400 res
801 2345 900 2413 esset,
934 2334 1069 2399 liberius
1103 2346 1211 2400 tecum
1241 2358 1382 2420 agerem.

410 2421 537 2488 Verum
557 2423 633 2505 quia
651 2420 811 2504 migrandi
834 2420 966 2486 libertas
985 2421 1025 2485 ab
1043 2421 1235 2503 amplissimi
1253 2435 1385 2488 senatus
1524 2463 1561 2474 -
1585 2427 1669 2493 Jcort
1690 2426 1848 2493 Duraat
1872 2428 2003 2494 lidraire
2028 2430 2139 2496 ostent
2165 2431 2198 2497 la
2215 2436 2408 2514 pemissioo

411 2510 586 2573 autoritate
622 2516 656 2572 et
683 2509 821 2571 fratrum
850 2528 1007 2572 consensu
1030 2506 1166 2589 pendet,
1200 2529 1264 2572 non
1295 2508 1383 2573 aliud
1434 2513 1577 2595 descire
1597 2514 1738 2580 tradulre
1759 2513 1984 2580 lecoldclrisme
2004 2514 2042 2580 dc
2060 2515 2273 2602 Bulliaper
2292 2520 2407 2602 6010.)

410 2593 492 2659 mihi
515 2593 713 2676 relinquitur
736 2594 797 2657 nisi
820 2601 858 2656 ut
879 2593 1051 2657 consilium
1074 2614 1182 2656 meum
1211 2614 1383 2676 exponam.

412 2677 506 2746 siin
528 2679 640 2743 schola
658 2678 698 2742 ad
722 2699 817 2761 quam
841 2679 1016 2743 accerseris
1038 2679 1152 2760 religio
1174 2680 1277 2761 probe
1299 2690 1386 2745 esset
1435 2681 1593 2738 Vondrcdi
1610 2685 1651 2739 15·

410 2766 597 2848 composita,
627 2763 718 2828 nullo
748 2763 842 2827 modo
872 2763 952 2826 mihi
982 2763 1125 2845 placeret
1153 2765 1248 2829 istinc
1271 2775 1304 2830 te
1327 2764 1384 2829 ab·
1523 2768 1649 2835 Condi
1669 2775 1714 2836 eet
1730 2769 1856 2835 debeata
1879 2771 1917 2836 de
1933 2791 1990 2837 son
2006 2772 2099 2854 appel
2116 2793 2160 2837 cu
2177 2775 2234 2840 roi.
2270 2774 2400 2842 Fran·

412 2848 497 2916 duci.
534 2850 662 2915 Deinde
684 2851 711 2914 si
730 2846 770 2913 de
792 2869 859 2913 nna
880 2859 1008 2912 tantum
1033 2848 1112 2913 urbe
1134 2863 1295 2932 ageretur,
1319 2872 1383 2915 non
1435 2854 1525 2933 pois
1545 2854 1595 2918 II.
1617 2855 1860 2921 tombcmalade.

410 2945 496 3002 esset
517 2938 597 3000 satis
618 2936 706 2999 iusta
722 2937 951 3017 compensatio.
984 2934 1098 3015 Neque
1121 2956 1172 2999 me
1190 2935 1267 3000 latet
1286 2959 1383 3019 quam

411 3021 501 3087 utilis
524 3023 566 3085 sit
590 3030 667 3086 tuus
703 3021 793 3085 lahor
821 3020 953 3102 Tiguri‚
976 3032 1009 3083 et
1036 3040 1133 3101 quam
1163 3022 1228 3084 late
1256 3021 1384 3088 fructus
1434 3024 1536 3079 hund!
1547 3025 1591 3081 18·

411 3109 483 3173 eius
509 3116 630 3190 pateat.
682 3106 809 3170 Verum
838 3106 866 3169 si
889 3119 945 3168 tuo
974 3104 1119 3168 adventu
1148 3109 1257 3187 pacari
1287 3121 1384 3189 queat
1522 3109 1567 3174 de
1589 3111 1693 3175 Bene
1724 3111 1874 3177 densanda
1908 3131 1966 3193 que
1999 3111 2032 3177 la
2058 3115 2181 3180 maison
2213 3117 2252 3182 de
2285 3117 2332 3184 M.
2362 3121 2408 3188 dc

411 3193 613 3276 amplissima
634 3192 722 3271 ditio,
745 3192 773 3257 si
794 3192 829 3254 in
852 3211 891 3253 ea
908 3191 1045 3255 stabiliri
1068 3191 1234 3255 doetrinae
1257 3194 1383 3275 puritas
1437 3194 1579 3262 Saulus
1601 3194 1682 3278 (Des
1694 3195 1837 3275 callers)
1859 3197 1939 3278 qa’il
1959 3198 2025 3263 doit
2041 3196 2168 3279 daliter,
2190 3203 2250 3266 soit
2266 3203 2405 3285 reporto.

410 3289 445 3344 et
465 3280 607 3344 coerceri
629 3276 831 3361 quorundam
850 3276 986 3340 audacia
1008 3276 1063 3358 qui
1081 3276 1161 3341 alies
1179 3298 1244 3341 non
1269 3300 1383 3342 veren·
1436 3280 1528 3365 (Rep.
1551 3281 1595 3346 du
1618 3279 1749 3347 Gestat
1770 3282 1824 3363 fol.
1851 3288 1907 3348 101
1932 3291 1975 3360 a.)

411 3371 476 3440 tur,
493 3364 632 3446 optarim
652 3365 768 3427 fratres
787 3377 914 3426 nostros
933 3382 998 3425 non
1012 3372 1139 3425 tantum
1159 3384 1278 3429 manus
1295 3363 1383 3443 dare,

410 3449 467 3517 sed
485 3470 602 3516 causae
618 3449 834 3531 patrocinium
853 3448 1017 3529 suscipere
1039 3445 1125 3530 apud
1147 3449 1382 3532 amplissimum
1521 3487 1560 3498 -
1584 3453 1732 3518 Maturin
1755 3451 1946 3518 Gordier:
1977 3473 2033 3518 sus
2062 3473 2098 3518 ce
2120 3453 2190 3536 quil
2211 3463 2262 3520 est
2282 3477 2407 3539 pauvre

411 3545 579 3612 senatum,
609 3556 651 3600 ne
678 3535 907 3616 profectionem
937 3531 1101 3615 impediat,
1131 3537 1321 3617 praesertim
1355 3537 1383 3602 si
1435 3538 1492 3604 des
1522 3538 1615 3604 biens
1644 3537 1688 3603 du
1713 3538 1831 3603 monde
1861 3549 1895 3603 et
1922 3559 1984 3621 que
2012 3558 2137 3604 aucuns
2167 3541 2298 3606 veulent
2325 3543 2406 3611 faire

411 3621 453 3686 ad
475 3632 612 3704 tempus.
647 3621 760 3702 Neque
779 3641 856 3684 vero
875 3640 926 3683 me
944 3618 1026 3682 latet
1048 3635 1203 3701 quantam
1223 3621 1383 3686 iacturam
1434 3645 1499 3689 une
1519 3624 1651 3691 collecte
1673 3644 1755 3707 pour
1776 3624 1848 3708 luy:
1877 3634 2000 3689 arreste
2021 3645 2109 3705 quon
2139 3624 2169 3688 le
2190 3625 2262 3690 leur
2279 3637 2408 3711 permet

409 3727 454 3772 ex
475 3709 553 3771 anni
575 3707 673 3771 unius
691 3705 929 3769 intermissione
952 3702 1078 3770 factura
1100 3705 1143 3770 sit
1160 3706 1382 3791 schcla'Pigu·
1434 3720 1469 3774 et
1490 3709 1668 3776 Messieurs
1685 3710 1744 3794 luy
1762 3709 1909 3775 donnent
1934 3714 1971 3774 10
1992 3709 2105 3775 florius
2128 3710 2217 3792 (ibid.
2238 3711 2291 3795 fol.
2317 3719 2406 3794 102).

409 3793 494 3857 rina:
525 3813 631 3874 neque
660 3789 693 3855 id
722 3811 782 3873 pro
810 3789 914 3854 nihilo
944 3812 964 3854 a
990 3812 1043 3854 me
1072 3789 1210 3855 ducitur.
1254 3791 1381 3857 Verum

409 3878 485 3961 quia
507 3877 574 3943 fore
596 3877 735 3959 aliquem
760 3877 845 3958 apud
869 3897 926 3941 vos
944 3875 1070 3941 confido
1088 3878 1143 3960 qui
1166 3876 1309 3942 absentis
1330 3879 1382 3942 vi·
1432 3879 1588 3937 Mer-credi
1605 3881 1653 3935 2⁰.

409 3984 480 4030 nem
502 3963 606 4039 obeat,
629 3963 691 4028 hoo
713 3983 840 4044 quoque
867 3962 972 4045 pretio
995 3982 1060 4025 non
1084 3961 1197 4028 dubito
1219 3962 1382 4028 redimen·
1521 3964 1695 4034 Concilium
1718 3965 1937 4031 Trideotiaum
1958 3966 2056 4032 denuo
2078 3973 2269 4035 mandentur.

409 4047 487 4114 dum
516 4069 587 4114 csse
608 4048 862 4130 incomparabile
891 4047 1021 4129 aliquod
1044 4048 1164 4113 bouum
1187 4049 1272 4130 quod
1294 4060 1381 4116 certe

408 4154 522 4200 omues
539 4144 681 4217 speram.
715 4135 786 4198 Tuo
805 4133 933 4215 quidem
952 4132 1096 4198 adventu
1119 4133 1269 4199 restituta
1291 4133 1381 4201 vide·
1432 4137 1535 4194 Mardi
1553 4138 1600 4193 20.

408 4220 497 4286 bitur
518 4218 683 4285 doctrinae
701 4221 882 4296 sinceritas,
904 4239 986 4301 quae
1007 4218 1063 4283 diu
1087 4220 1306 4285 aPalatinatn
1325 4242 1381 4285 ex·
1518 4223 1622 4288 Lettre
1648 4222 1688 4287 de
1711 4220 1832 4287 Getice
1858 4221 1879 4284 ὰ
1902 4219 2007 4287 Beroe
2033 4243 2078 4287 ou
2100 4225 2180 4307 sajet
2205 4224 2260 4291 dee
2280 4223 2402 4295 baono

407 4305 540 4370 sularit.
579 4306 701 4371 Hostes
727 4305 859 4369 tandem
888 4305 1004 4370 cristas
1034 4304 1201 4380 deiicient,
1224 4306 1382 4387 quisunt
1432 4307 1511 4391 (Ep.
1535 4311 1644 4386 3282.)

407 4391 515 4457 adhuc
536 4391 700 4456 sanabiles
721 4392 922 4473 resipiscent.
952 4390 1003 4453 Pii
1021 4391 1147 4465 fratres,
1170 4390 1286 4473 quihus
1304 4391 1382 4458 hac·

409 4486 506 4542 tenus
516 4477 711 4542 insultatum
728 4487 786 4555 est,
809 4477 963 4540 recreatis
980 4476 1099 4540 animis
1111 4476 1276 4541 cordatius
1299 4498 1380 4562 pug·
1520 4515 1559 4524 -
1584 4476 1709 4544 Condi
1729 4478 1897 4545 mammet
1914 4478 1936 4543 ὰ
1956 4484 2043 4544 morl.

407 4561 551 4628 nabunt:
573 4564 656 4627 forte
678 4564 776 4626 etiarn
799 4562 972 4626 mitescent
993 4561 1092 4626 vicini
1122 4561 1225 4628 donce
1248 4563 1381 4627 tandem

406 4648 607 4715 cicurentur.
653 4649 724 4712 Nisi
746 4657 863 4730 sponte
879 4646 920 4711 ad
942 4647 1027 4711 hane
1044 4646 1284 4729 expeditionem
1308 4669 1382 4732 pro-
1431 4648 1591 4705 Vondroffi
1608 4646 1704 4718 ²⁹·(l)

407 4755 531 4818 pensus
557 4734 653 4809 feres,
683 4734 833 4816 pluribus
860 4747 893 4796 te
916 4735 1079 4797 hortarer:
1112 4734 1230 4797 fratres
1256 4735 1381 4799 interea
1519 4734 1602 4800 Pius
1624 4732 1687 4798 IV.
1709 4734 2117 4802 medicamentanon
2137 4741 2286 4801 mosoma
2325 4737 2404 4822 (Ep.

407 4833 537 4886 nostros
558 4821 703 4884 obtestor
725 4829 761 4883 ut
778 4820 845 4883 sint
863 4819 1035 4883 adiutores.
1066 4817 1150 4884 Nam
1169 4821 1381 4898 occasionem,
1433 4824 1544 4902 3323.)

406 4927 492 4989 quae
521 4906 661 4969 maxime
686 4904 837 4968 omnibus
870 4906 955 4968 votis
984 4904 1166 4986 expetenda
1193 4906 1268 4984 tuit,
1302 4905 1379 4971 dum

406 5001 540 5075 praeter
557 5011 649 5073 spem
667 4991 812 5064 offertur,
836 4990 883 5054 las
902 4987 992 5077 [nort]
1012 4999 1062 5054 est
1081 4991 1255 5073 negligere.
1286 4992 1378 5068 Vale,
1781 4973 2049 5056 DECEMBRE.

405 5079 613 5142 ornatissimo
635 5077 687 5140 vir
709 5088 741 5141 et
764 5075 966 5140 observande
989 5077 1098 5141 frater.
1135 5077 1278 5141 Uxorem
1302 5099 1380 5160 gau·
1430 5076 1525 5132 Jendi
1543 5077 1570 5131 5.

406 5162 469 5228 dec
491 5184 560 5228 esse
582 5163 700 5226 iterum
720 5161 899 5245 gravidam,
918 5163 968 5226 eui
992 5161 1116 5226 felicem
1136 5174 1264 5243 partum
1285 5165 1380 5227 etia·
1518 5161 1763 5228 Franciscus
1786 5160 1912 5226 11.νο
1932 5162 2072 5226 moritur.
2119 5160 2196 5243 (Ep.
2222 5163 2331 5238 3291.)

403 5249 502 5316 eilem
524 5249 689 5331 precabor.
730 5246 892 5311 Dominus
916 5269 973 5312 vos
996 5259 1167 5312 conservet
1188 5248 1378 5326 incolumes,

408 5335 530 5418 spiritu
558 5355 617 5399 suo
653 5355 764 5416 regere
795 5344 910 5416 pergat
938 5354 976 5399 ac
1004 5331 1281 5398 benedictionibus
1311 5333 1379 5399 suis
1430 5331 1585 5388 10111112·

408 5442 542 5504 augere.
587 5418 628 5484 D.
654 5419 801 5484 Marchio
824 5432 858 5482 et
878 5419 1021 5501 collegae
1050 5419 1112 5481 mei
1135 5428 1168 5481 te
1190 5430 1379 5484 reverenter
1517 5418 1563 5483 Μ.
1586 5417 1737 5483 (lalvin
1766 5437 1945 5499 apropose
1974 5418 2065 5482 avoir
2088 5416 2208 5483 conche
2235 5438 2302 5483 une
2330 5439 2401 5486 res·

406 5507 564 5572 salutant.
609 5505 764 5571 Genevae
785 5504 939 5570 Calendis
961 5503 1155 5569 Novembris
1182 5508 1270 5568 1560.
1430 5524 1535 5585 ponce
1556 5514 1669 5566 contre
1690 5504 1831 5567 certains
1852 5503 2010 5567 allemans
2032 5502 2189 5569 touchant
2211 5503 2243 5567 la
2263 5524 2343 5570 cene
2366 5513 2402 5572 et

1431 5609 1451 5652 a
1480 5589 1550 5671 prie
1578 5589 1635 5672 luy
1662 5598 1839 5673 permetere
1861 5587 1968 5669 quelle
1989 5589 2053 5652 soit
2074 5588 2257 5671 imprimes:
2280 5609 2317 5655 ce
2342 5593 2399 5673 qui

824 5678 987 5743 Iohannes
1009 5675 1169 5741 Calvinus
1191 5695 1269 5740 vere
1292 5683 1378 5741 tuus·
1427 5674 1489 5759 luy
1511 5694 1531 5739 a
1551 5685 1619 5739 este
1640 5683 1789 5758 outtroye
1810 5680 1844 5736 et
1863 5673 1994 5754 permis.

517 5779 626 5835 odoini
641 5795 732 5849 opera
774 5780 828 5834 Vol.
849 5778 929 5835 XXI.
2139 5773 2174 5827 47
