5775 6867
453 782 516 846 169
1283 788 1396 853 ἮΤΑ
1418 781 1622 855 GALVINI.
2386 800 2446 862 170

452 971 731 1054 sapientissimum
758 971 878 1050 civem,
905 974 1040 1039 ecelesia
1069 972 1258 1057 deplorabat
1285 977 1342 1040 fidi
1374 977 1424 1041 sui
1478 968 1668 1037 iudiciosius
1690 971 1829 1055 denique
1851 975 1989 1058 scripsit,
2012 999 2110 1060 quum
2130 990 2237 1046 tamen
2257 989 2324 1046 tam
2343 983 2449 1049 multa

452 1057 592 1140 pastoris
614 1056 791 1134 decessum,
813 1058 925 1123 schola
946 1071 1095 1142 ereptum
1117 1061 1180 1126 sibi
1198 1061 1297 1125 talem
1315 1060 1424 1128 docto-
1476 1057 1658 1138 scripserit,
1693 1079 1790 1140 quam
1822 1080 1918 1125 nemo
1941 1063 1990 1126 vel
2019 1073 2130 1129 nostra
2152 1067 2202 1131 vel
2224 1075 2355 1150 patrum
2377 1089 2446 1134 me-

452 1164 523 1207 rem
544 1140 687 1226 lugebat,
710 1163 824 1208 omnes
842 1143 982 1226 denique
1004 1154 1040 1209 ut
1057 1147 1224 1210 communi
1244 1146 1424 1212 seeundum
1476 1143 1587 1206 moria.
1631 1143 1714 1207 Erat
1735 1145 1824 1208 enim
1846 1144 1907 1211 hoc
1935 1160 2151 1231 consequutus
2181 1153 2302 1235 vigiliis
2330 1154 2446 1220 iuven·

451 1228 562 1293 Duum
584 1236 719 1310 paruuto
742 1248 780 1292 uo
801 1230 1000 1295 consolatore
1023 1232 1127 1297 orbati
1149 1232 1423 1297 lamentabantur,
1475 1228 1566 1305 tutis,
1589 1236 1623 1292 et
1640 1227 1780 1311 quadam
1801 1230 1913 1296 iudicii
1935 1234 2110 1299 acrimonia
2127 1235 2269 1302 dictandi
2288 1241 2446 1305 exercita-

452 1311 622 1396 Optabant
642 1314 738 1378 multi
759 1314 848 1379 cives
870 1338 945 1380 eum
968 1333 1113 1400 spectare
1135 1327 1316 1397 mortuum,
1338 1317 1424 1399 quod
1475 1312 1562 1378 bone
1583 1315 1781 1393 confirmata,
1804 1328 1841 1380 ut
1864 1338 1970 1398 neque
1992 1319 2040 1383 illi
2062 1321 2187 1386 deesset
2198 1345 2340 1405 unquam
2359 1325 2447 1407 quod

453 1399 492 1464 ab
515 1419 553 1464 eo
581 1420 623 1464 ne
650 1407 779 1464 mortuo
808 1401 938 1481 quidem
966 1403 1062 1467 avelli
1094 1413 1235 1485 possent.
1279 1402 1423 1483 Quidam
1476 1399 1622 1480 apposite
1655 1409 1688 1465 et
1720 1400 1865 1484 graviter
1898 1403 2032 1482 diceret,
2072 1427 2176 1488 neque
2208 1411 2311 1473 multo
2350 1411 2446 1476 aliter

452 1486 551 1550 etiam
583 1486 764 1569 peregrini,
803 1486 859 1567 qui
889 1486 1024 1552 videndi
1061 1499 1094 1553 et
1134 1488 1286 1553 audiendi
1319 1489 1423 1571 ipsius
1475 1484 1632 1549 scriberet
1653 1506 1751 1567 quam
1763 1487 1956 1568 loqueretur.
1991 1490 2032 1553 Iu
2055 1489 2209 1570 doctrina,
2233 1516 2330 1576 quam
2349 1496 2446 1562 initio

452 1589 549 1636 causa
570 1571 684 1653 procul
705 1582 874 1650 venerant,
897 1574 983 1638 inter
1010 1594 1089 1655 quos
1112 1576 1208 1638 etiam
1230 1571 1335 1638 adfuit
1357 1575 1422 1640 cla·
1475 1567 1618 1647 tradidit,
1642 1571 1684 1635 ad
1705 1581 1888 1636 extremum
1910 1583 2061 1641 constans
2083 1577 2164 1640 nihil
2183 1599 2316 1660 prorsus
2327 1581 2446 1646 immu-

452 1657 600 1721 rissimus
632 1656 700 1734 vir,
733 1657 866 1740 reginae
899 1659 1040 1743 Angliae
1077 1660 1110 1723 in
1143 1659 1253 1724 Gallia
1285 1661 1421 1742 legatus,
1475 1656 1567 1733 tavit,
1590 1656 1676 1736 quod
1698 1658 1809 1737 paucis
1832 1667 1945 1723 nostra
1974 1663 2130 1726 memoria
2161 1664 2320 1748 theologis
2342 1667 2445 1731 conti·

452 1740 546 1807 avide
569 1739 744 1806 admodum
767 1745 886 1807 intueri
909 1745 1024 1809 saltem
1047 1744 1236 1811 defunctum
1259 1746 1421 1828 petebant.
1475 1741 1531 1823 git·
1576 1739 1672 1820 Quod
1695 1741 1735 1805 ad
1758 1743 1861 1825 ipsius
1883 1765 1989 1809 mores
2011 1748 2144 1824 attinet,
2174 1751 2322 1830 quamvis
2351 1752 2445 1817 illum

451 1829 500 1893 Ao
533 1828 627 1892 initio
659 1827 789 1910 quidem
823 1829 1086 1894 admittebantur.
1131 1828 1197 1895 Sed
1226 1829 1311 1913 quod
1344 1831 1424 1895 haec
1475 1834 1595 1891 natura
1616 1825 1656 1890 ad
1679 1828 1874 1909 gravitatem
1897 1831 2061 1908 finxisset,
2085 1854 2180 1898 nemo
2203 1844 2311 1899 tamen
2334 1837 2367 1900 in
2389 1837 2446 1903 illo

452 1913 554 1977 nimia
575 1921 662 1978 esset
682 1913 868 1993 curiositas,
901 1928 939 1979 ut
967 1916 1140 1981 calumniis
1162 1915 1422 1981 adversariorum
1474 1911 1510 1973 in
1532 1913 1696 1977 communi
1718 1915 1868 1980 convictu
1891 1916 1952 1979 fuit
1969 1917 2116 1982 suavior:
2140 1920 2327 1986 inferendis
2340 1921 2445 1987 homi·

451 2009 686 2077 occurreretur,
707 1999 831 2081 placuit
853 2001 965 2066 amicis
988 2010 1024 2065 ut
1046 1998 1200 2083 postridie
1221 2022 1334 2078 mane,
1367 2003 1423 2084 qui
1475 2017 1554 2060 num
1575 1997 1682 2073 vitiis,
1712 2019 1795 2079 quae
1823 2000 2024 2066 infirmitatis
2046 2011 2156 2082 erant,
2179 2007 2261 2070 mire
2282 2007 2343 2070 fuit
2365 2028 2445 2089 pru·

451 2082 520 2148 dies
559 2093 630 2148 erat
662 2083 859 2162 dominicus,
904 2087 1005 2150 linteo
1045 2088 1085 2150 do
1117 2108 1206 2151 moro
1237 2087 1423 2151 involutum
1475 2079 1565 2160 dens,
1598 2090 1636 2145 ut
1657 2082 1761 2164 ireque
1782 2085 1970 2166 importune
1991 2087 2215 2171 obiurgatione
2236 2091 2445 2172 pudefaceret

451 2190 568 2253 corpus
611 2169 720 2253 ligneo
764 2170 868 2235 loculo
907 2170 1137 2237 includeretur.
1192 2170 1422 2238 Pomeridiano
1475 2175 1531 2231 aut
1562 2169 1827 2248 perterrefaceret
1855 2170 2034 2238 imbecillos
2064 2174 2195 2250 fratres,
2230 2197 2335 2258 neque
2363 2178 2445 2243 vitia

452 2275 528 2320 vero
572 2254 731 2333 secunda,
765 2257 973 2338 sequentibus
1013 2258 1109 2322 funus
1148 2258 1310 2339 patriciis,
1355 2279 1422 2322 una
1474 2251 1678 2318 connivendo
1698 2254 1751 2319 vel
1769 2254 1930 2320 adulando
1949 2257 2080 2322 foveret.
2117 2259 2316 2326 Adulatione
2334 2270 2444 2327 autem

450 2359 523 2405 oum
556 2341 742 2423 pastoribus
775 2341 1075 2425 professoribusque
1104 2343 1234 2408 scholae
1269 2344 1421 2409 omnibus
1474 2346 1507 2401 et
1528 2337 1760 2415 simulatiffllis,
1793 2340 2010 2422 improbitatis
2032 2343 2180 2427 denique,
2203 2349 2393 2428 praesertim
2414 2347 2444 2414 si

450 2435 581 2509 totaque
603 2445 706 2508 paene
733 2427 864 2492 civitate
894 2450 959 2493 uon
988 2430 1058 2493 siue
1087 2428 1239 2494 uberibus
1267 2430 1421 2512 lacrymis
1474 2422 1514 2487 de
1535 2423 1693 2506 religione
1715 2424 1881 2507 agebatur,
1904 2438 1972 2491 tam
1993 2429 2055 2493 fuit
2076 2430 2179 2495 hostis
2197 2451 2270 2495 acer
2292 2441 2326 2496 et
2343 2431 2444 2498 vehe-

449 2521 666 2595 prosequente
705 2512 810 2577 elatus
849 2523 919 2589 est,
960 2515 1185 2596 communique
1224 2515 1420 2591 coemiterio,
1474 2529 1582 2586 mens,
1627 2531 1725 2591 quam
1770 2512 1918 2576 veritatis
1962 2514 2179 2596 simplicitatis
2219 2525 2253 2580 et
2293 2516 2443 2584 candoris

450 2598 534 2680 quod
556 2598 700 2662 Planum
723 2598 888 2663 Palatium
922 2609 1055 2675 vocant,
1089 2601 1179 2663 nulla
1201 2601 1330 2683 penitus
1364 2621 1420 2664 ex·
1474 2614 1597 2659 amans.
1640 2595 1723 2658 Fuit
1743 2596 1875 2662 omnino
1897 2610 2034 2663 naturae
2063 2601 2163 2682 ipsius
2186 2610 2443 2683 temperamento

450 2683 666 2748 traordinaria
687 2703 805 2764 pompa
826 2684 980 2766 nulloque
1002 2685 1111 2749 addito
1133 2685 1227 2767 cippo
1250 2685 1311 2769 (sio
1333 2685 1420 2750 onim
1474 2676 1621 2760 ὀξύχολος,
1639 2681 1725 2761 quod
1738 2681 1854 2745 vitium
1878 2685 1973 2747 etiam
1994 2695 2131 2750 auxerat
2153 2685 2444 2753 laboriosissimum

451 2768 635 2852 mandarat)
665 2768 829 2846 conditus,
868 2771 921 2833 cui
949 2778 1137 2852 propterca,
1171 2770 1223 2836 his
1254 2771 1420 2837 versiculis
1473 2765 1554 2828 illud
1586 2767 1674 2829 vitae
1706 2787 1828 2849 genus:
1863 2769 1931 2832 irae
1964 2779 2073 2833 tamen
2106 2772 2152 2835 sic
2186 2793 2260 2837 eum
2290 2773 2445 2839 docuerat

451 2856 628 2936 parentari.
1473 2851 1608 2931 spiritus
1636 2851 1771 2915 Domini
1798 2852 1975 2932 moderari,
2013 2867 2051 2919 ut
2078 2878 2119 2920 ne
2147 2857 2283 2922 verbum
2314 2858 2445 2942 quidem

584 2972 686 3025 &maa
704 2974 808 3025 ruentis
826 2980 917 3025 terrm
934 2973 981 3026 me
999 2975 1140 3039 maximus,
1473 2938 1516 2999 sit
1539 2957 1580 3000 ex
1603 2958 1640 3002 eo
1663 2937 1809 3002 auditum
1840 2940 1924 3021 quod
1947 2941 2018 3005 viro
2049 2942 2132 3006 bono
2155 2943 2328 3025 indignum
2350 2952 2444 3022 esset,

585 3041 670 3104 Quem
688 3049 823 3094 mortuum
842 3042 937 3108 lugent
954 3044 1027 3109 boni,
1046 3043 1205 3096 horrescunt
1222 3043 1294 3109 mali,
1472 3020 1591 3086 nedum
1622 3032 1659 3087 ut
1687 3023 1817 3105 longius
1845 3025 2110 3108 progrederetur,
2145 3048 2204 3092 nec
2232 3040 2353 3094 temere
2381 3030 2446 3095 nisi

549 3110 612 3179 lpse
630 3127 645 3161 a
663 3126 717 3178 quo
735 3111 825 3189 potuit
842 3112 970 3163 virtutem
988 3112 1090 3164 discere
1109 3114 1209 3178 virtus,
1473 3117 1543 3171 tum
1566 3121 1841 3186 commoveretur,
1875 3132 1974 3193 quum
1998 3110 2037 3175 de
2059 3113 2226 3196 religionis
2248 3135 2346 3180 causa
2368 3135 2444 3199 age·

549 3178 603 3232 ⁰¹¹¹
619 3177 691 3258 ²⁶0⁰.
706 3195 803 3245 ⁶¹¹ss⁰⁰
821 3179 968 3246 ignotoque
987 3181 1014 3232 ³¹¹
1032 3181 1134 3248 cespite
1152 3182 1258 3233 ⁰¹⁰¹¹⁸¹¹⁸
1472 3191 1582 3270 batur,
1613 3204 1670 3256 aut
1691 3192 1847 3258 adversus
1871 3198 2067 3278 praefractos
2090 3197 2238 3263 homines
2261 3201 2321 3281 ipsi
2343 3222 2385 3265 ne
2409 3221 2445 3266 ο-

617 3247 744 3301 Calvinus
761 3248 852 3312 lateat,
872 3251 970 3316 roges?
1472 3279 1553 3343 tium
1577 3290 1656 3342 erat·
2386 3221 2408 3284 g

545 3347 685 3402 ΟΜΝ
702 3349 814 3402 adsiduo
831 3355 960 3429 comitata
977 3349 1110 3430 modestia
1128 3350 1228 3431 vivum,
1558 3365 1622 3428 Tot
1642 3369 1814 3446 tantasque
1833 3365 1972 3431 virtutes
1994 3365 2082 3430 domi
2103 3377 2136 3432 et
2158 3369 2236 3433 foris
2268 3379 2335 3434 tam
2358 3369 2444 3434 mul-

581 3417 642 3471 H⁰⁰
658 3418 763 3471 t¹¹¹¹¹¹¹¹⁰
781 3420 903 3532 ΨΜ
922 3418 1044 3471 condida
1061 3435 1121 3533 ipsa
1137 3436 1200 3470 ⁸⁰¹⁸·
1471 3457 1521 3513 tos
1555 3447 1759 3514 adversarios
1788 3449 1939 3516 habuisse
1968 3473 2063 3516 nemo
2090 3451 2279 3533 mirabitur,
2312 3457 2367 3537 qui
2390 3455 2446 3521 vel

582 3519 777 3601 mihim
795 3528 925 3589 ⁰⁰⁸P¹i⁸m
943 3527 1021 3601 tauto
1038 3522 1159 3588 ¹¹⁰⁸P¹l⁰¹
1471 3555 1583 3599 eorum
1616 3535 1704 3599 inter
1736 3536 1889 3618 profanas
1922 3547 2035 3620 gentes
2066 3537 2239 3603 hominum
2273 3541 2443 3607 historiam

580 3588 664 3643 ⁰⁰³¹
681 3589 804 3643 invidero
822 3596 918 3642 ΜΨ
936 3596 1042 3657 posunt
1059 3590 1207 3643 mmm
1472 3620 1596 3703 legerit,
1619 3621 1674 3703 qui
1696 3640 1777 3702 prae
1798 3621 1870 3687 aliis
1900 3622 2042 3705 aliquam
2064 3624 2198 3690 virtutis
2226 3627 2366 3708 speciem
2388 3627 2445 3692 ad·

528 3709 626 3773 Vixit
648 3729 752 3774 anuos
774 3709 1012 3793 quinquaginta
1034 3718 1188 3792 quatuor,
1211 3728 1340 3773 meuses
1363 3709 1418 3773 de·
1471 3706 1628 3783 amarint,
1659 3715 1785 3770 tantum
1813 3707 1904 3772 abest
1937 3717 1973 3772 ut
2005 3710 2127 3773 mirum
2160 3710 2310 3792 cuiquam
2338 3711 2444 3778 videri

449 3812 522 3872 cem,
546 3795 616 3858 dies
636 3794 746 3859 decem
770 3805 803 3858 et
825 3807 967 3878 septem,
998 3797 1091 3860 cuius
1119 3794 1217 3876 spatii
1247 3793 1418 3859 dimidium
1471 3791 1585 3856 debeat
1606 3792 1820 3857 fortissimum
1842 3804 1912 3858 tum
1935 3813 2033 3858 sanae
2054 3793 2220 3862 doctrinae
2231 3796 2443 3877 defensorem,

443 3879 478 3944 in
498 3889 611 3946 sancto
634 3881 798 3965 evangelii
821 3882 1003 3945 ministerio
1026 3882 1237 3963 consumpsit.
1279 3880 1420 3945 Statura
1470 3889 1540 3941 tum
1558 3898 1659 3958 purae
1678 3879 1764 3943 vitae
1783 3888 1974 3943 sectatorem
1992 3879 2078 3945 domi
2097 3889 2131 3946 et
2148 3882 2226 3946 foris
2244 3892 2311 3947 tam
2324 3883 2443 3949 acriter

445 3965 505 4030 fuit
526 3965 692 4041 mediocri,
716 3966 822 4033 colore
844 3967 1026 4048 subpallido
1049 3975 1082 4030 et
1104 3967 1295 4049 nigricante,
1317 3968 1419 4031 oculis
1469 3971 1695 4046 oppugnatum
1734 3964 1843 4029 fuisse.
1896 3962 1963 4030 Sed
1993 3965 2055 4032 hoc
2086 3967 2194 4048 potius
2227 3968 2443 4034 admiratione

450 4049 488 4115 ad
509 4060 648 4116 mortem
671 4073 775 4135 usque
804 4052 963 4134 limpidis,
993 4053 1115 4135 quique
1142 4052 1266 4133 ingenii
1295 4053 1419 4135 sagaci·
1470 4047 1605 4132 dignum
1635 4057 1698 4127 est,
1729 4052 1861 4114 unicum
1891 4051 2056 4115 hominem
2086 4063 2242 4135 tanquam
2263 4054 2443 4119 Herculem

450 4146 547 4201 tatem
571 4142 630 4216 [fol
652 4148 715 4201 1111.
739 4144 771 4216 3]
795 4147 1007 4203 testarentur:
1035 4137 1126 4203 cultu
1148 4137 1291 4219 corporis
1314 4158 1419 4219 neque
1469 4134 1631 4216 quendam
1649 4134 1862 4200 christianum
1881 4143 1929 4200 tot
1946 4136 2114 4202 domandis
2130 4140 2284 4203 monstris
2295 4141 2443 4205 sufficere

449 4223 532 4288 culto
555 4244 660 4305 neque
682 4222 825 4299 sordido,
848 4223 905 4287 sed
927 4224 983 4306 qui
1004 4224 1203 4306 singularem
1226 4221 1418 4287 modestiam
1469 4222 1632 4302 potuisse,
1665 4241 1782 4303 nempe
1813 4220 1991 4287 fortissima
2023 4222 2082 4287 illa
2109 4224 2219 4303 clava,
2252 4224 2285 4288 id
2309 4234 2357 4288 est
2379 4225 2443 4289 Dei

449 4307 589 4374 deceret:
623 4309 712 4373 victu
742 4310 788 4374 sic
810 4316 1005 4392 temperato,
1034 4321 1070 4373 ut
1098 4331 1117 4374 a
1144 4308 1294 4374 sordibus
1323 4309 1419 4374 stab
1471 4305 1569 4371 verbo
1591 4314 1746 4371 utentem.
1791 4307 1906 4388 Itaque
1936 4316 2015 4389 quot
2043 4310 2072 4372 ei
2105 4309 2307 4374 adversarios
2338 4308 2441 4374 Satan

449 4396 536 4458 omni
564 4395 647 4458 luxu
677 4394 865 4477 longissimo
892 4394 1032 4459 abesset:
1066 4394 1128 4459 cibi
1151 4394 1349 4477 parcissimi,
1382 4404 1420 4459 ut
1469 4392 1628 4457 excitavit
1656 4391 1778 4473 (nullos
1807 4395 1894 4457 enim
1923 4393 1958 4457 in
1985 4404 2052 4456 tam
2080 4395 2193 4459 multis
2223 4395 2333 4459 hostes
2361 4394 2442 4460 ahos

449 4481 501 4563 qui
531 4480 652 4545 multos
680 4500 784 4544 annos
813 4481 912 4545 semel
935 4480 1077 4562 quotidie
1102 4482 1210 4546 cibum
1234 4482 1418 4563 sumpserit,
1470 4478 1594 4555 habuit,
1618 4499 1714 4559 quam
1737 4477 1765 4542 si
1787 4478 1901 4559 pietati
1923 4488 1957 4542 et
1978 4478 2141 4544 honestati
2164 4479 2284 4544 bellum
2303 4478 2442 4544 indixis-

449 4565 624 4631 ventriculi
663 4566 917 4631 imbecillitatem
958 4578 1125 4632 causatus:
1169 4566 1276 4630 somni
1315 4586 1419 4649 paene
1471 4565 1576 4646 sent),
1600 4571 1648 4628 tot
1670 4584 1764 4627 servo
1786 4584 1845 4627 suo
1867 4563 2028 4628 Dominus
2052 4565 2259 4630 victoriarum
2283 4565 2441 4648 trophaea

448 4651 579 4729 nullius,
601 4653 776 4716 memoriae
796 4652 1003 4731 incredibilis,
1026 4665 1063 4716 ut
1081 4673 1162 4735 quos
1180 4652 1279 4716 semel
1303 4651 1419 4735 adspe-
1471 4649 1593 4714 defixit.
1635 4648 1848 4713 Haereticum
1878 4651 1932 4713 isti
1964 4649 2088 4714 faciunt
2118 4650 2313 4716 Calvinum:
2348 4652 2441 4733 quasi

448 4738 549 4803 xisset
571 4737 684 4803 multis
706 4746 780 4820 post
799 4738 895 4803 annis
925 4740 1035 4803 statim
1059 4749 1258 4820 agnosceret,
1281 4748 1314 4801 et
1334 4739 1420 4802 iuter
1470 4757 1549 4800 vero
1572 4755 1639 4798 non
1661 4735 1704 4799 sit
1726 4733 1787 4798 hoc
1810 4736 1907 4799 etiam
1930 4735 2062 4799 nomine
2095 4735 2267 4801 damnatus
2289 4735 2441 4801 Christus

448 4821 635 4889 dictandum
657 4843 753 4906 saepe
786 4825 909 4907 aliquot
930 4824 1027 4888 horas
1048 4824 1286 4889 interturbatae
1308 4824 1419 4887 statim
1469 4822 1555 4904 ipse,
1588 4829 1621 4884 et
1653 4817 1784 4902 quidem
1818 4820 1858 4885 ab
1890 4820 1971 4902 ipsis
1998 4820 2227 4886 sacerdotibus.
2271 4821 2441 4904 Expulsus

449 4909 488 4974 ad
510 4909 632 4974 dictata
654 4909 745 4973 nullo
766 4911 1073 4975 commonefaciente
1091 4910 1222 4988 rediret,
1245 4922 1419 4985 eteorum,
1470 4915 1521 4972 est
1543 4905 1689 4980 Genava,
1714 4902 1795 4970 adde
1817 4914 1851 4970 et
1872 4905 1912 4970 ab
1935 4905 2047 4970 eadem
2070 4915 2249 4973 revocatus.
2294 4908 2338 4971 Et
2360 4907 2439 4989 quid

449 5016 528 5078 quae
561 4995 672 5077 ipsum
705 5016 802 5060 nosse
835 4997 980 5060 muneris
1022 4997 1072 5061 sui
1106 5015 1205 5060 causa
1237 4996 1419 5073 interesset,
1470 4991 1643 5074 Apostolis,
1667 4989 1743 5073 quid
1767 4990 1960 5068 Athanasio,
1984 4991 2059 5074 quid
2083 4992 2316 5078 (lhrysostomo
2337 4993 2440 5058 conti-

450 5081 658 5163 quantumvis
690 5080 925 5164 multiplicibus
961 5090 993 5145 et
1025 5083 1165 5147 infinitis
1197 5082 1339 5166 negotiis
1361 5101 1419 5162 op·
1469 5077 1541 5161 git‘l
1570 5075 1781 5159 Exprobrant
1802 5076 1850 5140 illi
1872 5075 1976 5141 multa
1996 5078 2145 5142 nonnulli
2169 5078 2233 5155 alii,
2255 5075 2311 5143 sed
2334 5078 2440 5143 cuius·

447 5186 595 5249 pressus,
628 5187 797 5249 nunquam
831 5178 940 5232 tamen
980 5167 1235 5234 oblivisceretur.
1290 5164 1419 5245 Iudicii,
1470 5162 1580 5226 modi‘l
1612 5162 1814 5228 Ambitiosus
1836 5161 1899 5226 fuit
1929 5163 2067 5240 scilieet,
2100 5165 2165 5229 imo
2198 5164 2295 5227 etiam
2318 5184 2441 5228 novum

450 5253 693 5335 quibuscunque
723 5252 763 5317 de
791 5252 889 5317 rebus
912 5256 1150 5332 consuleretur,
1183 5265 1250 5317 tam
1282 5252 1357 5336 puri
1387 5258 1420 5315 et
1469 5258 1627 5333 papatum
1649 5247 1800 5326 ambivit,
1828 5248 1885 5330 qui
1907 5248 1967 5314 hoc
1989 5249 2076 5314 vitae
2099 5269 2216 5332 genus,
2247 5249 2332 5313 hanc
2354 5268 2441 5313 rem·

451 5339 564 5416 exacti,
586 5351 624 5402 ut
642 5358 745 5420 paene
762 5340 932 5403 vaticinari
951 5360 1047 5422 saepe
1065 5341 1108 5402 sit
1125 5342 1226 5416 visus,
1250 5360 1309 5403 neo
1327 5338 1419 5402 aber·
1469 5333 1642 5418 publicam,
1659 5333 1744 5398 hano
1762 5332 1900 5415 denique
1917 5334 2094 5409 ecclesiam,
2113 5354 2210 5416 quam
2222 5355 2298 5398 vere
2309 5355 2441 5416 possum

450 5443 535 5490 rasse
557 5425 774 5502 meminerim,
798 5425 852 5505 qui
878 5425 1049 5490 consilium
1071 5426 1173 5507 ipsius
1195 5433 1280 5489 esset
1300 5444 1419 5505 sequu-
1469 5419 1670 5503 paupertatis
1692 5418 1853 5484 officinam
1871 5419 2045 5503 appellare,
2067 5420 2163 5484 rebus
2181 5417 2331 5483 omnibus
2350 5427 2440 5484 ante-

452 5519 508 5574 tus.
561 5509 750 5575 Facundiae
787 5519 991 5592 contemptor
1024 5520 1058 5576 st
1086 5510 1258 5574 verborum
1292 5529 1419 5592 parcus,
1471 5507 1585 5590 posuit.
1620 5504 1874 5570 Accumulandis
1899 5503 1947 5590 [D
1966 5504 2000 5592 t]
2023 5505 2146 5570 scilicet
2167 5503 2282 5586 opibus
2304 5503 2439 5583 studuit,

453 5595 505 5660 sed
525 5597 661 5660 minime
682 5597 813 5679 ineptus
836 5597 983 5678 scriptor,
1007 5606 1039 5661 et
1062 5618 1124 5679 quo
1146 5597 1256 5661 nullus
1274 5595 1314 5659 ad
1333 5594 1421 5660 hunc
1470 5593 1564 5659 cuius
1597 5590 1682 5655 bona
1715 5590 1839 5668 omnia,
1880 5612 1955 5655 care
1994 5591 2092 5655 etiam
2130 5587 2298 5653 divendita
2337 5591 2440 5674 ipsius

455 5677 533 5748 hem
551 5681 724 5766 theologus
742 5682 840 5768 (absit
858 5681 956 5747 verbo
974 5682 1113 5768 invidia)
1132 5684 1255 5765 purius,
1277 5681 1420 5766 gravius,
1470 5675 1676 5755 bibliotheca,
1698 5676 1756 5740 vix
1777 5683 1941 5740 trecentos
1968 5695 2082 5742 aureos
2105 5687 2293 5759 aequarent,
2314 5683 2352 5741 ut
2374 5696 2440 5741 non
