5775 6867
443 801 508 867 125

444 999 688 1073 contemptores
710 987 981 1054 animadvertisse
1003 984 1133 1052 diceret.
1170 984 1267 1066 Quod
1285 984 1422 1051 dedecus

445 1098 545 1143 verae
573 1077 722 1158 religioni
751 1077 897 1139 inustum
928 1094 995 1137 non
1022 1072 1133 1138 ferens
1163 1069 1323 1136 Calvinus
1353 1072 1422 1137 eius

445 1163 563 1230 edendi
582 1161 660 1226 libri
677 1163 877 1227 occasionem
897 1160 1045 1241 arripuit,
1065 1179 1138 1222 meo
1155 1157 1286 1240 quidem
1304 1157 1423 1223 iudicio

444 1248 727 1332 incomparabilis:
762 1245 874 1311 addita
907 1245 1082 1309 excellenti
1103 1242 1145 1309 ad
1167 1243 1292 1327 Regem
1315 1243 1423 1325 ipsum

445 1335 657 1420 praefatione,
681 1355 778 1415 quam
801 1332 829 1397 si
852 1331 935 1396 forte
953 1331 1085 1414 legisset
1096 1329 1161 1408 ille,
1184 1329 1423 1411 autegovehe-

446 1430 576 1486 menter
597 1419 711 1495 fallor,
734 1429 792 1483 aut
813 1437 969 1500 magnum
993 1424 1079 1480 esset
1100 1415 1148 1479 illi
1172 1413 1334 1479 meretrici
1357 1415 1421 1478 Ba·

448 1506 616 1590 bylonicae
639 1506 704 1568 iam
727 1516 798 1569 tum
823 1504 943 1567 vulnus
963 1501 1101 1566 illatum.
1146 1501 1229 1565 Erat
1258 1502 1345 1564 enim
1368 1501 1423 1564 ille

447 1593 521 1658 Rex
551 1611 620 1656 non
650 1589 762 1673 quales
790 1610 865 1654 eum
894 1600 970 1657 sunt
992 1588 1183 1668 consequuti
1206 1593 1330 1668 postea:
1365 1586 1422 1650 sed

449 1679 627 1744 acerrimus
646 1697 755 1741 rernm
774 1675 971 1750 aestimator,
991 1672 1102 1738 iudicii
1114 1671 1155 1736 ad
1167 1671 1422 1755 dignoscendum

450 1784 563 1829 verum
587 1783 654 1826 non
677 1762 779 1844 parvi,
802 1760 1003 1825 eruditorum
1025 1758 1151 1836 fautor,
1179 1779 1284 1840 neque
1306 1778 1365 1840 per
1388 1779 1423 1822 se

450 1848 588 1915 anobis
616 1848 752 1912 alienus.
804 1844 870 1910 Sed
898 1846 991 1910 illum
1024 1845 1105 1909 haec
1141 1843 1267 1921 andire,
1301 1841 1422 1907 nedum

450 1935 565 2018 legere,
589 1954 695 2016 neque
716 1931 827 2015 populi
850 1931 969 1996 Gallici
992 1951 1096 2012 neque
1118 1930 1220 2012 ipsius
1242 1930 1329 2011 regis
1349 1949 1422 2011 pec-

451 2034 519 2105 cata
541 2041 640 2103 passa
661 2032 748 2095 sunt,
771 2019 891 2101 quibus
913 2017 964 2082 ira
982 2015 1047 2080 Dei
1069 2016 1134 2079 iam
1153 2024 1222 2079 tum
1241 2015 1423 2098 propinqua

451 2104 648 2172 imminebat

532 2189 634 2255 Edito
657 2191 718 2256 hoo
739 2190 821 2255 libro
843 2209 966 2272 suaque
995 2188 1097 2253 veluti
1119 2188 1276 2270 praestita
1297 2187 1422 2269 patriae

451 2278 520 2355 fide,
544 2276 719 2343 Calvinum
743 2274 898 2340 visendae
919 2274 1142 2338 Ferrariensis
1160 2273 1328 2350 Ducissae,
1353 2274 1422 2338 Lu·

452 2364 552 2428 dorici
571 2361 654 2428 XII.
677 2361 877 2427 Francorum
900 2359 1003 2442 Regis
1025 2358 1119 2435 filiae,
1145 2359 1237 2423 cuius
1261 2369 1330 2423 tum
1355 2360 1420 2440 pie·

452 2462 495 2515 tas
515 2446 749 2525 celebrabatur,
773 2447 934 2528 simulque
945 2445 1059 2509 Italiae
1082 2445 1184 2508 veluti
1203 2444 1316 2528 procul
1334 2444 1421 2508 salu-

452 2535 567 2601 tandae
590 2532 787 2599 desiderium
811 2534 953 2597 incessit.
997 2530 1093 2594 Illam
1124 2531 1226 2612 igitur
1248 2530 1347 2608 vidit,
1378 2531 1420 2594 si-

451 2621 580 2703 mulque
612 2629 770 2702 quantum
803 2618 835 2683 id
869 2618 962 2681 illum
995 2617 1101 2682 facere
1133 2636 1288 2697 praesens
1310 2637 1419 2681 rerum

451 2717 552 2771 status
573 2704 716 2781 sinebat,
743 2705 777 2769 in
808 2724 886 2768 vero
916 2703 1044 2785 pietatis
1072 2703 1180 2766 studio
1202 2702 1419 2779 confirmavit,

452 2803 484 2857 nt
516 2813 592 2856 cum
625 2802 737 2873 postea
758 2792 869 2854 vivum
903 2809 1031 2870 semper
1061 2789 1156 2852 unice
1179 2787 1348 2863 dilexerit,
1382 2809 1419 2851 ac

449 2898 532 2943 nnnc
554 2898 681 2959 quoque
702 2885 867 2958 superstes
889 2886 1004 2959 gratae
1026 2874 1060 2938 in
1084 2873 1274 2939 defunctum
1296 2894 1418 2937 memo·

449 2965 511 3029 riae
528 2966 696 3046 specimen
713 2960 790 3027 edat
806 2961 1019 3025 luculentum.
1056 2959 1229 3024 Caeterum
1250 2981 1291 3022 cx
1311 2959 1418 3037 Italia,

448 3051 479 3114 11
501 3051 597 3115 cuius
618 3050 701 3112 fines
723 3068 759 3112 se
791 3049 973 3130 ingressum
997 3067 1068 3111 esse
1090 3045 1197 3111 dicere
1219 3045 1358 3124 solebat,
1382 3055 1419 3109 ut

450 3134 522 3199 inde
543 3135 657 3211 exiret,
680 3133 716 3197 in
739 3133 882 3200 Galliam
905 3153 1081 3215 regressus,
1104 3132 1201 3196 rebus
1223 3131 1291 3196 suis
1313 3131 1418 3195 omni-

450 3219 505 3286 bus
525 3220 572 3285 ibi
594 3220 790 3302 compositis,
813 3219 1015 3301 abductoque
1037 3238 1133 3300 quem
1151 3219 1285 3283 unicum
1304 3237 1418 3299 snper·

448 3307 553 3372 etitem
587 3304 729 3371 habebat
760 3306 905 3370 Antonio
938 3304 1076 3369 Calvino
1101 3305 1218 3382 fratre,
1251 3303 1416 3368 Basileam

448 3394 494 3459 161
517 3392 737 3477 Argentinam
760 3391 879 3456 reverti
900 3391 1111 3473 cogitantem,
1133 3388 1322 3455 interclusis
1345 3389 1417 3454 aliis

447 3479 561 3545 finibus
574 3482 601 3560 1)
623 3498 683 3560 per
704 3476 919 3558 Allobrogum
949 3474 994 3561 [A
1019 3474 1055 3626 8]
1083 3477 1166 3540 fines
1194 3478 1257 3540 iter
1285 3477 1416 3541 institu-

447 3575 512 3630 tcm
533 3563 689 3650 prosequi
710 3562 797 3628 bella
818 3570 1003 3646 coegerunt.
1056 3570 1089 3625 ta
1111 3563 1233 3627 factum
1251 3562 1415 3627 116616-

1277 795 1389 862 Vtra
1411 797 1615 865 CALVINI.

2388 805 2452 868 126'

1475 987 1648 1054 accedente
1670 989 1774 1071 plebis
1796 1008 1964 1068 consensu,
1988 987 2130 1056 delectus
2154 1012 2219 1055 non
2240 993 2446 1057 concionator

1474 1083 1603 1138 tantum
1626 1072 1702 1154 (hoc
1731 1084 1840 1138 autem
1867 1074 2009 1156 p'mum
2039 1081 2234 1157 recusarat),
2263 1077 2320 1142 sed
2347 1080 2446 1142 etiam

1474 1180 1639 1225 sacrarum
1675 1160 1843 1224 literarum
1899 1169 2001 1237 octor,
2042 1162 2126 1243 quod
2158 1184 2263 1226 unum
2295 1162 2446 1228 admitte-

1474 1247 1547 1321 bat,
1578 1256 1628 1310 est
1656 1245 1845 1329 designatus
1875 1266 1961 1311 anno
1984 1246 2118 1312 Domini
2139 1259 2313 1314 MDXXXVI
2334 1270 2446 1315 mense

1475 1334 1636 1415 Augusto.

1561 1505 1672 1584 Atque
1683 1502 1769 1566 idom
1789 1503 1841 1567 hic
1859 1524 1965 1568 annus
1987 1503 2068 1567 inito
2091 1504 2177 1568 inter
2200 1504 2281 1570 duas
2299 1507 2446 1573 civitates

1474 1589 1618 1653 Bernam
1642 1599 1675 1652 et
1698 1588 1869 1653 Genevam
1892 1589 2023 1654 arctiori
2045 1588 2173 1654 foedere
2195 1602 2228 1654 et
2250 1593 2446 1657 Lousonnae

1474 1673 1515 1740 ad
1538 1674 1707 1739 Christum
1733 1676 1926 1750 accessione,
1949 1674 2062 1739 habita
2083 1675 2241 1741 adversus
2263 1678 2446 1759 pontificios

1474 1760 1578 1825 libera
1608 1761 1844 1843 disputatione,
1874 1761 1925 1825 eui
1948 1760 2107 1827 Calvinus
2134 1782 2260 1844 quoque
2288 1764 2448 1841 interfuit,

1474 1846 1657 1912 celebratus
1678 1855 1737 1911 est.
1772 1848 1864 1910 Tunc
1883 1846 1971 1910 edita
1988 1856 2037 1912 est
2055 1847 2225 1913 aCalvino
2237 1848 2445 1914 Christianae

1475 1932 1639 1996 doctrinae
1650 1932 1809 2014 quaedam
1823 1932 1923 1997 veluti
1943 1933 2092 2009 formula,
2111 1931 2246 1997 vixdum
2264 1936 2445 2017 emergenti

1474 2039 1492 2082 e
1505 2027 1642 2099 papatus
1655 2018 1803 2082 sordibus
1815 2017 2003 2084 Genevensi
2023 2018 2177 2083 ecelesiae
2195 2019 2444 2085 accommodata

1475 2101 1610 2167 Addidit
1621 2104 1718 2167 etiam
1731 2103 1984 2183 Catcohismum,
2003 2125 2068 2168 non
2086 2104 2181 2168 illum
2193 2106 2227 2168 in
2239 2107 2444 2186 quaestiones

1474 2200 1506 2252 et
1528 2191 1757 2271 responsiones
1779 2188 2005 2264 distributum,
2033 2211 2130 2271 quem
2159 2211 2246 2255 nunc
2275 2190 2442 2269 habemus,

1473 2274 1531 2339 sed
1562 2275 1662 2339 alium
1695 2275 1799 2340 multo
1832 2275 2033 2353 breviorem,
2072 2277 2245 2358 praecipua
2276 2278 2443 2360 religionis

1472 2362 1579 2443 capita
1601 2360 1817 2443 complexum.
1862 2365 2048 2444 Aggressus
2077 2361 2194 2426 deinde
2215 2384 2287 2427 cum
2311 2363 2443 2427 Farello

1472 2455 1506 2510 et
1526 2445 1675 2525 Coraldo,
1699 2448 1862 2529 plerisque
1883 2469 1924 2512 ex
1943 2447 2076 2530 collegis
2095 2447 2267 2512 timiditate
2280 2453 2305 2529 ¹)
2329 2449 2444 2513 turbas

1472 2532 1680 2615 fugientibus,
1704 2533 1872 2597 nonnullis
1894 2533 2008 2609 etiam,
2039 2554 2122 2614 quae
2144 2534 2290 2596 maxima
2311 2533 2443 2598 Calvisi

1472 2618 1654 2683 sollicitudo
1682 2619 1759 2697 fuit,
1792 2621 1875 2683 clam
1905 2640 1986 2702 opus
2015 2619 2148 2683 Domini
2180 2618 2442 2701 impedientibus,

1471 2705 1638 2769 ecclesiam
1670 2724 1877 2786 componere,
1910 2725 1929 2769 a
1961 2703 2086 2770 civibus
2119 2705 2262 2788 primum
2295 2705 2441 2769 omnium

1470 2791 1652 2866 contendit,
1682 2802 1718 2855 ut
1740 2797 1796 2867 [sol.
1818 2801 1853 2855 11.
1878 2797 1908 2869 3]
1932 2800 2061 2856 coactus
2090 2791 2229 2873 populus
2258 2792 2442 2870 universus,

1471 2877 1596 2940 eiurato
1619 2876 1725 2957 palam
1748 2885 1878 2959 papatu,
1901 2877 1936 2939 in
1958 2877 2171 2941 christianam
2192 2877 2381 2960 religionem
2404 2896 2442 2944 ao

1471 2961 1675 3044 disciplinam
1699 2963 1811 3044 paucis
1833 2962 1993 3045 capitibus
2016 2962 2285 3044 comprehensam
2307 2963 2441 3027 iuraret.

1472 3047 1568 3128 Quod
1592 3049 1653 3113 etsi
1676 3069 1742 3111 non
1764 3050 1858 3129 pauci
1877 3059 2074 3127 recusarent,
2097 3056 2135 3113 ut
2156 3051 2190 3111 in
2208 3047 2288 3112 urbe
2306 3047 2443 3113 vixdum

1470 3154 1511 3197 ex
1524 3132 1670 3198 Sabaudi
1682 3132 1785 3199 Ducis
1803 3133 1926 3200 retibus
1944 3143 1977 3198 et
1988 3134 2186 3198 Antichristi
2208 3135 2283 3216 iugo
2306 3133 2443 3198 liberata

1470 3228 1503 3284 et
1525 3220 1637 3284 multis
1659 3219 1767 3284 adhuc
1788 3218 1983 3286 factionibus
2006 3228 2192 3294 aestuante,
2220 3218 2309 3283 dedit
2331 3229 2442 3283 tamen

1471 3306 1632 3370 Dominus
1654 3316 1713 3369 XX.
1733 3305 1811 3369 Iulii
1833 3327 1919 3371 anno
1941 3306 2325 3387 MDXXXV11,utpalam
2347 3325 2441 3388 prae-

1470 3398 1569 3456 eunte
1598 3391 1725 3473 publico
1753 3390 1877 3467 scriba,
1907 3411 1928 3454 a
1952 3390 2078 3455 Senatu
2105 3389 2297 3472 Populoque
2330 3391 2441 3455 Gene-

1469 3477 1563 3542 vensi
1587 3477 1621 3542 in
1643 3477 1840 3542 christianae
1869 3477 2038 3560 religionis
2066 3497 2103 3541 ac
2131 3475 2322 3559 disciplinae
2343 3476 2441 3540 simul

1469 3565 1575 3647 capita
1596 3565 1768 3628 iuraretur.
1813 3562 1891 3629 Istis
1920 3583 1997 3628 vero
2025 3562 2237 3628 exacerbatus
2259 3562 2377 3641 Satan,
2408 3569 2442 3627 et

446 3671 516 3716 vam
539 3651 680 3728 veniret,
710 3648 790 3714 nihil
820 3648 889 3731 ipse
912 3649 1041 3730 quidem
1072 3646 1112 3711 de
1140 3647 1198 3712 1116
1227 3649 1307 3714 urbe
1329 3649 1415 3730 cogi·
1468 3651 1606 3727 frustra,
1640 3649 1726 3732 quod
1754 3669 1813 3731 per
1845 3657 1998 3714 externos
2029 3647 2139 3713 hostes
2172 3648 2309 3712 infinitis
2338 3648 2443 3715 modia

446 3746 529 3817 tans,
559 3735 617 3803 sed
638 3747 677 3802 ut
703 3755 779 3799 mox
807 3736 961 3818 apparuit
990 3734 1149 3799 divinitus
1170 3756 1207 3800 eo
1229 3733 1414 3818 perductus.
1470 3744 1623 3813 tentarat,
1646 3736 1774 3802 efficere
1796 3754 1868 3801 sese
1888 3734 2021 3818 pietatis
2037 3734 2171 3800 obtentu
2189 3741 2280 3798 ratus
2296 3735 2442 3817 primum

445 3823 523 3889 Ilrat
549 3823 640 3889 enim
668 3821 704 3886 in
730 3821 822 3887 illam
853 3820 967 3884 urbem
996 3821 1094 3904 paulo
1123 3829 1200 3885 ante
1222 3820 1417 3885 mirabiliter
1469 3822 1615 3886 omnium
1627 3822 1870 3904 Anabaptistas,
1894 3820 2012 3886 deinde
2021 3821 2159 3885 Petrum
2171 3819 2292 3898 Caroli,
2316 3818 2356 3884 de
2378 3841 2442 3902 quo

445 3909 664 3975 introductum
683 3907 809 3973 Christi
828 3906 1034 3989 evangelium
1057 3907 1196 3971 duorum
1213 3927 1417 3972 summorum
1468 3929 1548 3973 mox
1570 3908 1724 3986 dicemus,
1747 3907 1909 3990 opposuit,
1932 3907 1987 3989 qui
2004 3927 2085 3989 opus
2102 3905 2189 3972 istud
2202 3904 2349 3984 Domini,
2372 3907 2442 3971 sive

446 3997 586 4062 virorum
608 4013 716 4078 opera,
735 3992 891 4059 Gulielmi
910 3992 1031 4057 Farelli
1049 3991 1269 4075 Delphinatis,
1292 4014 1357 4058 non
1380 4000 1418 4056 ut
1468 3993 1553 4076 quod
1577 3993 1658 4058 illud
1679 3994 1903 4077 qualecunque
1931 3995 1995 4057 iam
2024 4000 2097 4057 erat
2119 3992 2149 4056 ei
2171 4013 2368 4076 magnopere
2391 3993 2442 4055 in·

446 4080 573 4165 quidam
600 4081 776 4145 commenti
802 4091 879 4144 sunt
907 4100 950 4143 ex
978 4077 1133 4143 coenobio
1163 4077 1220 4143 sed
1242 4100 1283 4143 ex
1306 4077 1418 4144 schola
1469 4088 1598 4163 gratnm
1622 4090 1720 4158 esset,
1744 4081 1813 4144 sive
1835 4079 1922 4161 quod
1944 4101 1983 4143 ea
2005 4099 2087 4162 quae
2108 4088 2222 4161 postea
2242 4086 2443 4160 consequuta

425 4163 1126 4248 1666111116118161116161611611611116,
1160 4173 1194 4229 61
1205 4165 1296 4230 Petri
1308 4163 1416 4228 Vireti
1468 4176 1545 4230 sunt
1567 4167 1782 4249 prospiceret,
1812 4185 1878 4229 non
1901 4165 2161 4229 interturbarent
2182 4163 2293 4240 modo,
2323 4183 2440 4226 verum

448 4251 601 4320 Orbensis
618 4273 662 4316 ex
679 4271 759 4334 agro
771 4251 932 4316 Beruensi
945 4251 1226 4334 acFriburgensis
1245 4250 1379 4315 ditionis
1387 4251 1416 4331 ²)
1468 4252 1568 4315 etiam
1592 4250 1798 4316 destruerent
1819 4271 1951 4333 prorsus
1973 4264 2069 4332 atque
2091 4249 2329 4314 subverterent.

447 4359 579 4422 quorum
623 4344 735 4420 postea
783 4335 947 4402 laboribus
991 4336 1209 4418 copiosissime
1253 4335 1417 4401 Dominus
1554 4337 1622 4402 Sed
1644 4346 1865 4402 anteverterat
1889 4335 2046 4401 Satanam
2068 4335 2239 4411 Dominus,
2263 4334 2347 4417 quod
2371 4336 2439 4416 ipse

447 4424 619 4490 benedixit.
664 4423 732 4489 Dos
758 4423 858 4506 igitur
887 4444 1005 4513 quum,
1038 4431 1075 4486 ut
1102 4423 1187 4487 inter
1217 4422 1319 4486 bonos
1345 4422 1415 4486 fieri
1468 4424 1516 4487 rei
1538 4430 1677 4488 eventus
1699 4422 1815 4488 docuit.
1860 4420 2442 4504 ,11616111616661111(1611111661

447 4510 539 4587 solet,
568 4509 730 4575 Calvinus
763 4510 927 4573 transiens
948 4509 1129 4584 invisisset,
1164 4518 1234 4572 tum
1257 4508 1416 4585 Farcllus‚
1467 4510 1610 4592 collegae
1639 4508 1769 4591 publica
1800 4508 1964 4590 liberaque
1997 4506 2214 4590 disputatione
2247 4512 2440 4570 convocatos

447 4604 481 4662 nt
501 4605 571 4661 erat
593 4595 690 4678 plane
712 4595 765 4660 vir
786 4593 843 4659 ille
871 4595 988 4677 spiritu
1011 4595 1150 4676 quodam
1174 4593 1303 4658 heroico
1325 4595 1415 4657 affla-
1468 4616 1507 4659 ea
1536 4594 1701 4678 gravitate
1730 4616 1770 4659 ex
1799 4615 1865 4659 uno
1889 4594 1953 4658 Dei
1983 4591 2081 4657 verbo
2109 4593 2320 4657 confutarunt
2339 4601 2439 4656 xvsst

447 4690 505 4761 tus,
527 4681 642 4746 multis
663 4701 740 4745 eum
762 4678 869 4745 verbis
892 4681 1012 4745 frustra
1036 4679 1224 4757 obtestatus,
1248 4691 1284 4744 ut
1306 4701 1416 4745 secum
1467 4681 1581 4745 Martii
1613 4701 1700 4745 anno
1727 4690 1913 4744 Moxxxvtl
1937 4688 1991 4758 ut,
2025 4677 2111 4761 quod
2145 4698 2240 4742 rarae
2268 4674 2438 4743 cuiusdam

446 4771 548 4851 potius
569 4767 729 4833 Genevae
750 4765 913 4832 laboraret
940 4787 1037 4848 quam
1065 4765 1196 4848 longius
1217 4773 1414 4843 excurreret,
1467 4767 1527 4830 fuit
1550 4766 1721 4844 felicitatis,
1745 4768 1785 4830 ab
1807 4787 1845 4830 eo
1867 4776 2013 4848 tempore
2037 4765 2091 4828 vix
2114 4785 2200 4828 unus
2222 4773 2279 4827 aut
2301 4764 2384 4827 alter
2404 4763 2439 4827 in

446 4875 502 4920 nec
533 4854 564 4919 ei
597 4852 692 4919 facile
714 4851 874 4917 Calvinus
907 4852 1137 4917 assentiretur:
1175 4857 1220 4916 At
1253 4872 1312 4934 ego
1345 4851 1414 4929 tibi,
1466 4851 1527 4917 hac
1559 4853 1696 4918 ecclesia
1729 4841 1924 4934 adpafderit.
1978 4851 2074 4915 Alter
2106 4850 2259 4915 ecclesiae
2292 4847 2439 4912 turbator

446 4939 557 5023 inquit,
580 4939 692 5004 studia
710 4947 768 5003 tna
784 4938 988 5020 praetexenti
1007 4937 1165 5002 denuncio
1183 4937 1415 5020 omnipotentis
1466 4938 1586 5003 Petrus
1599 4937 1707 5003 Caroli
1728 4937 1861 5002 nomine
1878 4937 2019 5001 maiores
2036 4946 2069 5000 et
2087 4935 2308 5000 diuturniores
2326 4932 2439 4998 turbas

446 5023 507 5090 Dei
528 5025 663 5091 nomine
684 5023 830 5089 futurum
853 5031 901 5101 ut,
927 5024 988 5088 nisi
1012 5025 1045 5088 in
1068 5044 1149 5106 opus
1171 5023 1259 5087 istud
1283 5023 1415 5087 Domini
1466 5022 1570 5103 dedit,
1600 5045 1738 5106 quarum
1762 5024 1924 5088 duntaxat
1945 5044 2106 5087 summam
2136 5020 2324 5097 recensebo,
2352 5018 2439 5101 quod

445 5112 609 5178 nobiscum
628 5110 804 5186 incumbas,
827 5109 886 5174 tibi
908 5131 975 5174 non
993 5119 1060 5173 tam
1077 5109 1249 5174 Christum
1267 5130 1363 5191 quam
1382 5116 1415 5173 te
1466 5118 1536 5174 tota
1558 5111 1656 5175 huius
1678 5110 1865 5175 certaminis
1885 5109 2021 5173 historia
2048 5117 2155 5171 exstet
2182 5117 2214 5171 et
2235 5128 2278 5170 ex
2297 5105 2438 5187 quadam

444 5197 550 5281 ipsum
572 5196 739 5281 quaerenti
761 5194 924 5261 Dominus
955 5193 1138 5260 maledicat.
1182 5195 1255 5259 Hac
1277 5194 1415 5260 terribili
1466 5195 1598 5261 Caluini
1621 5193 1662 5260 ad
1681 5196 1874 5280 Grynaeum
1896 5194 2033 5277 epistola
2054 5194 2162 5277 colligi
2184 5193 2294 5275 possit.
2329 5192 2438 5256 Istum

445 5282 694 5350 denunciatione
724 5282 858 5346 territus
880 5280 1038 5347 Calvinus
1067 5302 1139 5345 sese
1166 5280 1359 5364 presbyterii
1383 5287 1416 5344 61
1466 5282 1616 5364 gnaviter
1654 5281 1878 5364 impudentem
1917 5280 2096 5363 sophistam
2134 5287 2238 5342 mater
2278 5276 2437 5358 Serbona,

444 5371 655 5455 magistratus
683 5367 845 5434 voluntati
874 5367 1039 5450 permisit,
1075 5387 1212 5450 quorum
1240 5367 1414 5450 suffragiis,
1465 5388 1549 5450 quae
1571 5377 1752 5449 pepererat,
1775 5376 1888 5449 postea
1905 5375 2060 5448 tanquam
2083 5365 2281 5429 haereticum
2300 5363 2438 5428 nonita

1465 5451 1505 5518 do
1526 5455 1598 5536 ipsa
1619 5454 1775 5518 meritum
1804 5453 1905 5519 eiecit
1949 5451 2051 5516 Venit
2078 5450 2181 5533 igitur
2207 5447 2263 5513 ille
2291 5449 2435 5532 primum

1567 5629 1668 5636 -.-—

530 5661 544 5715 l
576 5660 650 5716 an
668 5664 775 5715 recetttt.
792 5659 943 5712 itineribus.

528 5731 545 5784 2
574 5747 606 5785 ae
623 5729 812 5811 biburgensis
830 5728 941 5781 ditionis
958 5742 1009 5782 ost.
1029 5725 1104 5782 111111.
1121 5731 1228 5782 1661611.
1467 5712 1470 5719 ¹
1553 5728 1581 5797 1)
1598 5726 1672 5781 Eud.
1691 5742 1758 5783 rece
1776 5744 1842 5796 prae
1860 5726 2015 5780 timiditate.
