5775 6867
455 795 517 858 145
1288 794 1402 860 Vlss
1422 793 1626 862 OALVINI.
2389 803 2451 868 146

452 984 619 1053 communi
639 991 691 1050 tot
707 982 917 1049 ecelesiarum
938 981 1056 1048 iudicio
1075 980 1260 1047 damnatus.
1293 983 1426 1047 Etenim
1477 982 1713 1049 constituendis
1742 984 1948 1050 senatoribus
1977 985 2082 1053 edicta
2110 987 2191 1071 (quo
2219 993 2327 1052 tamen
2350 1009 2449 1072 argu-

451 1083 522 1137 tum
543 1070 616 1154 ipsa
626 1068 827 1153 quaestionis
839 1068 985 1134 nondum
1003 1077 1100 1135 antea
1121 1068 1201 1133 satis
1223 1090 1243 1132 a
1264 1067 1426 1151 plerisque
1476 1077 1587 1134 mento
1605 1070 1681 1135 boni
1699 1070 1797 1135 etiam
1815 1071 1878 1136 sibi
1896 1078 1988 1136 tanto
2005 1072 2123 1138 melius
2145 1072 2262 1140 deinde
2276 1074 2449 1142 consulue-

451 1156 618 1224 veteribus
636 1155 818 1240 explicatae
839 1175 900 1220 nec
923 1153 1033 1219 eodem
1057 1175 1186 1236 semper
1207 1153 1299 1217 exitu
1321 1155 1426 1238 agita·
1476 1162 1569 1234 runt,
1596 1155 1643 1220 ita
1671 1155 1736 1220 illis
1765 1156 1864 1221 etiam
1891 1157 2023 1223 favente
2051 1158 2197 1224 Domino
2209 1161 2235 1241 ¹)
2267 1160 2448 1242 refixerint,

451 1253 504 1309 tac
514 1241 691 1308 difficultas
702 1240 827 1306 curiosa
840 1242 1033 1322 praesertim
1049 1240 1183 1323 ingenia
1193 1238 1234 1304 ad
1244 1240 1306 1303 hoc
1317 1239 1424 1322 ipsum
1475 1241 1648 1307 nonnullos
1676 1249 1793 1307 senatu
1821 1243 1992 1322 moverint,
2020 1245 2203 1328 peregrinis
2231 1244 2399 1310 exsulibus
2426 1267 2448 1312 a

451 1328 700 1412 disquirendum
730 1324 940 1405 accendebat,
969 1335 1040 1391 tum
1069 1325 1196 1390 factiosi
1223 1325 1425 1408 praeclaram
1475 1325 1591 1406 quibus
1620 1348 1655 1391 se
1683 1335 1829 1394 metuere
1857 1328 2008 1394 dicebaut
2036 1350 2127 1395 arma
2155 1330 2279 1409 omnia,
2302 1331 2447 1414 exceptis

451 1413 510 1482 sibi
538 1413 683 1479 oblatam
715 1412 916 1478 occasionem
949 1410 990 1476 ad
1022 1411 1130 1476 omnia
1156 1409 1294 1476 (lalvino
1323 1412 1424 1476 eiecto
1475 1411 1504 1476 si
1530 1412 1660 1494 quando
1694 1413 1776 1478 urbe
1808 1413 2042 1497 egrederentur
2073 1416 2220 1494 ensibus,
2253 1415 2446 1496 ademerint,

450 1499 672 1568 subvertenda
690 1499 859 1583 putabant.
891 1497 1008 1580 Itaque
1029 1496 1094 1562 dici
1116 1517 1181 1560 non
1204 1504 1319 1577 potest,
1342 1517 1425 1578 quae
1474 1496 1554 1561 adeo
1582 1505 1619 1561 ut
1647 1497 1729 1562 nihil
1760 1498 1849 1564 aliud
1879 1520 2048 1582 superesse
2070 1500 2253 1579 videretur,
2278 1523 2377 1585 quam
2399 1509 2448 1582 ut,

450 1608 516 1652 non
543 1587 581 1650 in
608 1585 691 1650 urbe
721 1594 865 1661 tantum,
898 1604 1013 1648 verum
1041 1584 1139 1647 etiam
1167 1582 1253 1646 ultro
1280 1582 1424 1665 citroque
1474 1603 1574 1664 quum
1597 1583 1707 1648 omnia
1727 1584 1764 1648 in
1786 1592 1944 1666 potestate
1965 1584 2132 1665 haberent,
2154 1607 2237 1670 quac
2258 1587 2355 1652 toties
2376 1589 2447 1672 agi·

450 1678 507 1752 [fot
528 1681 578 1736 ΠΙ.
598 1675 632 1751 a]
655 1670 757 1736 veluti
779 1669 808 1735 si
829 1668 1000 1735 classicum
1024 1668 1095 1751 ipse
1115 1667 1219 1732 Satan
1242 1668 1422 1747 cecinisset,
1474 1677 1625 1734 taverunt
1652 1669 1747 1735 facile
1774 1679 2038 1754 exsequerentur.
2090 1670 2304 1738 Occasionem
2334 1680 2446 1738 autem

449 1757 676 1824 contentiones
705 1757 772 1821 sint
797 1763 1025 1837 consequutus
1075 1754 1148 1819 Etsi
1177 1754 1264 1817 enirn
1287 1753 1423 1838 pulchre
1474 1753 1643 1818 turbarum
1665 1755 1801 1821 alteram
1823 1777 1948 1839 quoque
1972 1755 2076 1823 Satan
2105 1765 2184 1822 tunc
2206 1757 2333 1824 obiecit.
2377 1758 2445 1822 Ve-

448 1843 534 1908 inter
544 1843 795 1925 praecipuarum
806 1840 1016 1906 ecclesiarum
1035 1847 1182 1923 pastores
1200 1838 1421 1918 conveniebat,
1474 1847 1526 1903 tus
1549 1841 1635 1905 enim
1657 1840 1713 1907 ille
1735 1862 1847 1907 sacrae
1868 1841 1990 1919 triadis,
2012 1842 2046 1908 id
2069 1852 2119 1908 est
2133 1844 2238 1909 omnis
2259 1865 2357 1910 verae
2378 1843 2447 1909 dei·

449 1950 513 1995 non
536 1928 674 1993 deerant
695 1936 804 1992 umen
826 1926 939 2008 quiin
960 1926 1076 1992 vicinis
1089 1925 1267 1990 Bernensis
1290 1925 1422 1991 ditionis
1474 1925 1552 1990 tatis
1574 1925 1693 2003 hostis,
1723 1926 1865 2011 adeoque
1893 1936 2077 1994 monstrum
2107 1950 2149 1994 ex
2170 1930 2322 1994 omnibus
2343 1951 2447 2013 quan·

358 2010 360 2015 ’
448 2015 591 2081 eeclesiis
611 2013 752 2079 Calvino
773 2013 866 2077 litem
887 2010 1105 2088 intenderent,
1127 2010 1220 2093 quasi
1242 2011 1351 2075 Deum
1373 2012 1421 2075 fa·
1473 2012 1597 2076 tumvis
1618 2011 1760 2077 rancidis
1783 2025 1815 2076 et
1835 2015 2034 2096 portentosis
2052 2013 2240 2080 haeresibus
2258 2017 2446 2097 conflatum,

448 2110 533 2166 acret
560 2100 688 2182 peccati
714 2105 873 2164 autorem:
905 2118 1022 2180 parum
1053 2105 1141 2163 certe
1160 2117 1337 2175 memores,
1361 2097 1421 2161 hoc
1473 2096 1617 2162 Michael
1639 2095 1815 2175 Servatus,
1844 2106 2016 2181 postquam
2043 2100 2166 2183 aliquot
2194 2101 2289 2166 annis
2319 2101 2385 2166 hnc
2413 2107 2447 2166 et

447 2188 552 2269 ipsum
574 2184 876 2268 pestilentissimum
894 2182 1013 2266 dogma
1028 2183 1128 2248 luisse
1149 2181 1319 2248 aOalvino
1338 2183 1421 2248 iam·
1471 2181 1550 2246 illuc
1567 2182 1762 2248 medicinam
1773 2183 1895 2250 faciens
1913 2184 2105 2261 aberrasset,
2118 2192 2288 2268 tectusque
2299 2186 2445 2253 Michae-

447 2271 573 2354 pridem
600 2292 643 2336 ex
671 2271 816 2354 professo
844 2267 1000 2334 adversus
1023 2268 1212 2333 Libertinos
1233 2268 1419 2332 refutatum.
1472 2269 1513 2331 lis
1535 2267 1749 2334 Villanovani
1771 2271 1903 2334 nomine
1930 2269 2044 2352 illas2)
2066 2270 2285 2353 blasphemias
2307 2272 2445 2354 sparsis-

447 2357 598 2423 Basileae
617 2377 697 2423 vero
715 2354 870 2422 Oastellio
892 2354 996 2419 bonus
1018 2353 1074 2418 ille
1097 2366 1130 2418 et
1151 2353 1291 2437 simplex
1314 2353 1421 2434 homo,
1473 2361 1538 2432 set,
1566 2352 1653 2418 edito
1678 2353 1811 2419 tandem
1840 2354 1990 2420 Viennae
2011 2355 2227 2440 Allobrogum
2257 2357 2361 2438 spisso
2387 2378 2445 2423 vo·

448 2444 507 2509 etsi
534 2441 722 2509 clanculum
744 2440 812 2505 lere
833 2437 951 2524 agebat
972 2441 1098 2518 omnia,
1127 2450 1237 2505 tamen
1260 2461 1325 2504 non
1347 2441 1421 2505 obs·
1472 2438 1630 2520 luminei)
1652 2440 1759 2514 (cuius
1770 2460 1908 2506 excusor
1930 2440 1995 2505 fuit
2006 2441 2197 2506 Arnolletus
2208 2442 2340 2525 quidam
2352 2442 2446 2542 Lug-

447 2549 522 2594 cure
542 2527 823 2612 Pelagianismum
851 2527 1013 2591 tuebatur.
1059 2525 1150 2606 Quin
1183 2526 1280 2589 etiam
1303 2524 1356 2591 his
1381 2525 1422 2590 de
1472 2523 1632 2590 dunensis
1660 2526 1894 2609 typographus,
1922 2533 2085 2592 corrector
2107 2535 2232 2606 autem,
2262 2529 2356 2591 utin
2378 2527 2445 2594 ilhs

448 2613 543 2680 rebus
566 2615 615 2678 ita
642 2611 783 2678 scribere
813 2618 962 2695 coeperat
989 2611 1179 2694 Philippus,
1210 2618 1247 2674 ut
1271 2612 1421 2693 quamvis
1471 2611 1609 2676 officinis
1630 2622 1765 2689 vocant,
1789 2610 1974 2677 Gulielmns
1999 2610 2132 2695 quidam
2155 2613 2351 2689 Guerotius,
2380 2614 2445 2680 fac·

447 2707 541 2765 antea
563 2698 697 2765 Caluini
728 2696 885 2764 adversus
907 2697 1065 2781 Pighium
1087 2697 1171 2762 libro
1200 2694 1320 2761 diserte
1343 2697 1420 2761 sub·
1472 2697 1562 2762 tiosis
1580 2697 1828 2762 Genevensibus
1845 2696 1972 2779 pridem
1993 2696 2132 2776 deditus,
2156 2696 2213 2763 sed
2235 2698 2346 2780 paucis
2368 2706 2445 2765 ante

448 2786 638 2869 scripsisset,
663 2794 774 2850 tamen
798 2783 1011 2850 Gencvenses
1034 2784 1125 2866 quasi
1150 2778 1193 2868 [0
1217 2779 1248 2867 1]
1273 2779 1420 2847 Stoicum
1472 2781 1638 2848 mensibus
1660 2790 1696 2847 ut
1714 2783 1921 2848 scortationis
1943 2790 1976 2848 et
1994 2783 2133 2848 aliorum
2150 2784 2347 2867 flagitiorum
2368 2805 2446 2867 poe·

446 2872 549 2937 iatum
570 2870 769 2937 invehentes
787 2881 901 2935 notare
919 2867 1113 2952 quibusdam
1130 2867 1308 2933 videretur.
1332 2869 1419 2932 Pon·
1471 2889 1532 2932 nas
1561 2868 1681 2933 vitaret
1703 2868 1842 2933 Genava
1871 2868 2075 2953 Lugdunum
2103 2869 2299 2952 profectus):
2329 2890 2366 2934 co
2396 2870 2446 2934 in-

447 2958 561 3024 tificios
589 2957 721 3036 omitto,
750 2955 878 3022 easdem
906 2955 1085 3021 calumnias
1113 2953 1232 3019 millies
1261 2953 1419 3020 refutatas
1471 2974 1570 3036 quam
1600 2953 1687 3019 edito
1708 2953 1988 3036 blasphemiarum
2019 2955 2115 3037 pleno
2138 2955 2305 3020 volumine
2327 2955 2448 3022 Serre-

446 3064 533 3108 nuno
554 3063 684 3127 quoque
700 3050 894 3125 repetentes.
924 3039 1122 3124 Pungebant
1143 3040 1207 3104 ista
1224 3039 1418 3123 gravissime
1471 3048 1534 3118 tus,
1553 3061 1653 3122 eoque
1670 3040 1840 3119 nomine⁴)
1862 3041 1898 3104 in
1920 3061 2082 3106 carcerem
2099 3040 2250 3106 Viennae
2272 3041 2448 3122 coniectus,

447 3129 541 3195 sicuti
561 3138 704 3212 parerat
726 3127 982 3201 illiusanimum‚
1006 3135 1038 3188 et
1060 3146 1098 3189 eo
1119 3125 1251 3208 quidem
1262 3125 1417 3204 acerbius,
1471 3144 1509 3188 ao
1530 3125 1607 3190 inde
1629 3145 1707 3189 mox
1724 3124 1959 3209 nescioquibus
1981 3127 2109 3191 artibus
2131 3126 2260 3209 elapsus
2273 3127 2448 3193 Genavam
2505 3155 2510 3166 ·

445 3213 528 3298 quod
550 3236 590 3280 ea
611 3215 675 3279 fuit
694 3211 858 3278 interdum
882 3210 996 3295 perid
1019 3222 1147 3293 tempus
1168 3213 1288 3276 erroris
1311 3212 1418 3277 effica-
1470 3210 1538 3274 fato
1567 3210 1709 3292 quodam
1737 3219 1890 3288 venerat,
1920 3212 1983 3277 alio
2010 3211 2122 3294 procul
2152 3214 2359 3289 transiturus,
2383 3214 2448 3279 nisi

445 3300 510 3381 oia,
539 3310 580 3365 ut
601 3299 732 3383 publica
759 3300 859 3363 etiam
880 3298 1054 3362 autoritate
1076 3297 1193 3362 alicubi
1215 3297 1418 3363 obstructum
1471 3295 1535 3361 Dei
1567 3295 1773 3379 providentia
1805 3296 1929 3361 factum
1961 3305 2064 3373 esset,
2098 3305 2135 3361 ut
2167 3317 2246 3361 mox
2257 3298 2283 3380 ⁵)
2313 3298 2447 3380 agnitus

444 3407 478 3453 os
507 3386 640 3453 veritati
670 3384 845 3450 videretur.
889 3383 1004 3466 Neque
1037 3383 1118 3449 haec
1144 3384 1207 3447 luit
1239 3403 1417 3464 paucorum
1470 3380 1610 3446 Calvino
1632 3382 1700 3464 (cui
1722 3381 1778 3446 ille
1794 3381 1987 3465 iampridem
2006 3383 2087 3447 bene
2110 3390 2207 3447 notus
2226 3386 2354 3465 erat),⁶)
2377 3403 2447 3449 ma·

445 3492 608 3538 annorum
625 3471 855 3549 eonhcversia,
876 3468 933 3534 sed
957 3470 1017 3534 hoo
1039 3488 1125 3534 anno
1141 3468 1291 3551 inprimis
1313 3470 1417 3534 bonus
1470 3468 1648 3552 gistratum
1677 3465 1891 3546 admonente,
1931 3468 2054 3533 carceri
2083 3468 2197 3533 fuisset
2228 3468 2444 3550 mancipatus.

444 3558 498 3624 ille
520 3558 665 3637 eremita,
686 3577 782 3639 quem
803 3555 1073 3639 supradiximus,
1096 3575 1169 3620 oum
1192 3554 1331 3619 Calvino
1352 3554 1417 3620 dis·
1471 3554 1564 3635 Quae
1589 3553 1769 3619 certamina
1786 3560 1869 3625 ,tum
1891 3554 2084 3636 quantisque
2114 3552 2154 3619 de
2176 3552 2272 3618 rebus
2294 3561 2447 3638 suscepta

443 3652 618 3728 putaturus
639 3640 768 3726 prodiit,
790 3641 845 3724 qui
867 3641 991 3724 aliquot
1013 3648 1089 3705 ante
1111 3639 1205 3704 annis
1226 3660 1327 3723 quum
1356 3640 1417 3704 mi·
1470 3639 1611 3717 fuerint,
1649 3660 1690 3703 cx
1718 3637 1805 3703 edito
1837 3639 1921 3704 libro
1953 3640 2075 3723 percipi
2108 3638 2295 3722 plenissime
2326 3647 2446 3722 potest.

444 3730 618 3795 nistcrium
640 3729 778 3793 ambiret
794 3726 960 3810 repulsam
983 3747 1099 3808 passus
1116 3724 1366 3791 iurisconsultus
1385 3737 1417 3789 et
1469 3725 1551 3789 Fuit
1579 3732 1689 3790 autem
1719 3724 1838 3790 horum
1860 3727 2006 3790 omnium
2028 3726 2090 3790 iste
2113 3725 2230 3803 exitus,
2253 3732 2291 3790 ut
2312 3724 2446 3791 tandem

443 3814 653 3882 hotiosorum
671 3821 830 3897 patronus
848 3821 1007 3878 evaserat.
1041 3809 1149 3876 Oansa
1171 3831 1280 3876 coram
1302 3822 1417 3876 senatu
1468 3808 1615 3893 perditus
1637 3810 1692 3874 ille
1714 3810 1783 3894 (cui
1800 3811 1898 3875 ctiam
1920 3811 2130 3877 factiosorum
2150 3831 2237 3876 unus
2260 3818 2331 3876 tum
2351 3831 2446 3894 prce-

444 3903 566 3987 agitata
589 3911 639 3965 est
655 3919 775 3983 magna
792 3900 946 3980 utrinque
963 3898 1187 3964 contentione:
1206 3896 1262 3961 illo
1284 3896 1417 3979 quidem
1469 3897 1548 3961 toris
1570 3915 1713 3962 assessor
1735 3897 1769 3960 iu
1793 3917 1906 3962 aurem
1937 3896 2162 3961 insusurrasse
2190 3895 2345 3978 quiddam
2374 3918 2445 3962 cre-

444 3986 648 4071 impudentia
668 3993 700 4048 et
722 3983 883 4049 malorum
904 3985 1014 4048 favore
1036 3983 1255 4067 depugnante,
1278 3981 1417 4049 Oalvino
1469 3981 1616 4062 debatur,
1637 4004 1700 4066 quo
1723 3983 1848 4047 malum
1877 3981 2005 4065 perdito
2027 3981 2152 4047 homini
2175 3983 2323 4047 animum
2345 3981 2446 4048 obfir-

445 4094 521 4139 vero
543 4071 773 4138 solaveritatis
795 4067 1161 4135 autoritatedoctrinam
1179 4089 1273 4133 suam
1295 4077 1416 4134 tuente.
1467 4067 1588 4152 maret)
1612 4088 1632 4131 a
1654 4089 1739 4133 vana
1760 4068 1816 4132 illa
1843 4090 1904 4133 suc
1925 4066 2122 4133 confidentia
2150 4066 2307 4151 proditus,
2328 4068 2445 4151 impie-

445 4158 533 4225 Vicit
553 4179 632 4242 ergo
648 4156 781 4235 veritas,
803 4168 836 4221 et
854 4153 984 4220 Oalvini
1006 4156 1127 4237 scripta
1144 4156 1288 4236 ipsorum
1308 4155 1416 4233 otiam,
1468 4154 1547 4219 tatis
1569 4162 1602 4218 ct
1613 4154 1817 4219 infinitarum
1827 4153 2105 4236 blasphemiarum
2127 4176 2168 4218 ox
2178 4155 2324 4218 omnium
2347 4156 2448 4219 ctiam

446 4244 529 4328 quod
550 4245 672 4308 mirum
695 4251 753 4322 est,
776 4241 1039 4308 adversariorum
1061 4240 1227 4324 suffragiis
1250 4247 1288 4303 ut
1308 4241 1362 4321 pia
1384 4249 1417 4305 ct
1468 4239 1715 4305 Helveticarhm
1728 4239 2111 4305 ecelesiarumsentontia
2126 4239 2309 4316 damnatus,
2333 4249 2446 4305 xxm

446 4329 626 4395 orthodoxa
652 4349 784 4394 rursum
816 4328 1032 4410 comprobata.
1088 4325 1156 4392 sed
1189 4345 1295 4407 neque
1321 4326 1417 4392 istius
1470 4323 1601 4390 Octobr.
1625 4325 1714 4390 nullo
1737 4324 1822 4389 edito
1846 4325 2064 4407 poenitentiae
2091 4325 2184 4408 signo
2199 4326 2227 4407 ⁷)
2256 4324 2373 4389 infelix
2396 4326 2446 4389 vi·

447 4416 624 4481 adversarii
642 4414 766 4498 aliquot
787 4421 860 4496 post
876 4413 972 4477 aunis
990 4412 1158 4476 morientis
1179 4411 1348 4476 reticenda
1368 4420 1417 4478 est
1469 4431 1530 4476 vus
1552 4417 1761 4477 cremaretur.
1795 4409 1862 4477 Sed
1884 4423 1916 4476 et
1938 4410 2088 4475 Farollus
2110 4410 2222 4475 eodem
2245 4430 2332 4474 anno
2354 4431 2446 4476 eous·

447 4502 509 4567 resi
531 4501 684 4579 iscentia,
719 4499 811 4566 cuius
844 4499 942 4563 etiam
971 4504 1090 4563 testem
1119 4495 1296 4563 Calvinum
1324 4507 1417 4562 tanto
1468 4518 1531 4579 que
1553 4498 1586 4562 vi
1613 4497 1717 4561 morbi
1740 4497 1863 4562 fractus
1891 4503 1930 4560 nt
1953 4517 1973 4561 a
1993 4495 2142 4573 calvino,
2164 4495 2221 4578 qui
2242 4495 2444 4561 Neocomum

447 4524 550 4653 studlo
561 4585 719 4664 adhibuit,
741 4593 779 4650 ut
801 4604 866 4649 non
884 4584 980 4648 aliter
998 4584 1059 4649 sibi
1077 4602 1189 4665 paoem
1201 4583 1416 4649 conscientiae
1468 4580 1509 4646 ad
1531 4603 1607 4647 eum
1619 4581 1792 4646 visendum
1810 4589 1955 4661 venerat,
1977 4602 2037 4664 pro
2055 4589 2182 4646 mortuo
2194 4580 2442 4664 relinqueretur,

447 4684 593 4739 constare
615 4672 746 4749 diceret,
768 4691 867 4753 quam
889 4670 917 4733 si
928 4667 1107 4734 Calvinum
1129 4668 1189 4734 sibi
1208 4669 1415 4735 conciliatum
1467 4668 1557 4734 vitae
1585 4678 1698 4751 postea
1725 4675 1856 4751 practer
1877 4687 1968 4751 spem
1996 4688 2128 4732 omnem
2149 4666 2319 4732 restitutus
2341 4666 2442 4733 eccle-

447 4756 658 4824 moribundus
680 4764 886 4840 agnosceret,
916 4776 1013 4838 quem
1035 4764 1132 4819 antea
1149 4763 1218 4819 tam
1239 4753 1374 4839 indigne
1396 4777 1416 4821 a
1467 4754 1550 4818 siam
1572 4774 1650 4818 mox
1672 4754 1840 4820 recreavit.

448 4865 481 4910 se
499 4843 688 4928 impetitum
699 4844 869 4907 fateretur:
891 4842 945 4907 cui
967 4840 1065 4905 etiam
1076 4841 1235 4906 Calvinus
1256 4853 1328 4905 tum
1350 4863 1415 4906 non
1551 4839 1605 4903 Ita
1626 4838 1723 4922 plane
1744 4839 1833 4903 inter
1854 4857 1945 4920 spem
1963 4846 1995 4902 et
2012 4846 2148 4916 metum,
2172 4838 2369 4904 terminante
2391 4845 2440 4903 ta·

448 4929 539 4995 modo
553 4951 621 4994 non
639 4927 751 5007 defuit,
773 4925 830 4993 sed
842 4927 1075 5011 benignissime
1086 4926 1287 4992 consolatum
1310 4928 1416 4991 erexit
1466 4944 1542 4990 men
1571 4924 1717 4990 dolorem
1738 4924 1882 5002 laetitia,
1911 4945 2034 4989 annum
2056 4924 2145 4990 hunc
2168 4931 2304 4989 eatenus
2327 4925 2439 5008 exegi-

449 5024 481 5081 ct
499 5015 541 5081 cd
562 5022 747 5080 extremum
766 5033 870 5097 usque
892 5014 1107 5080 confirmavit.
1465 5031 1550 5076 mus.
1582 5011 1669 5077 Ecce
1688 5011 1786 5088 enim,
1809 5008 1887 5074 dum
1905 5008 1985 5076 haec
2007 5009 2043 5074 in
2062 5007 2193 5076 Servati
2215 5029 2313 5076 causa
2334 5030 2440 5093 agun-

528 5187 650 5252 Aunus
677 5194 788 5251 autem
814 5183 896 5249 alter
925 5183 1151 5266 asupericre,
1180 5204 1297 5265 nempe
1318 5183 1412 5265 quin·
1552 5233 1567 5285 1
1604 5233 1691 5288 ma
1708 5232 1865 5298 pamm·
1881 5231 1989 5286 ,mm
2006 5246 2055 5286 m
2073 5236 2181 5287 ,mm

447 5273 653 5359 quagesimae
675 5271 791 5337 tertius
812 5292 912 5354 supra
929 5268 1257 5354 sesquimillesimum,
1280 5267 1321 5333 ad
1344 5269 1413 5332 exi·
1551 5302 1569 5354 2
1598 5300 1748 5357 homnd„
1765 5301 1863 5354 multas
1881 5300 1994 5355 mm

446 5367 514 5424 tum
533 5358 713 5424 festinante
741 5357 950 5423 factiosorum
978 5354 1102 5420 malitia
1124 5363 1192 5419 tam
1213 5354 1276 5418 fuit
1297 5354 1413 5419 turbu·
1550 5370 1568 5424 3
1598 5372 1704 5426 tanam
1722 5370 1787 5424 aad.
1807 5375 1914 5425 reeentt.

445 5445 565 5523 lentus,
595 5451 633 5509 ut
661 5465 728 5509 non
751 5442 886 5510 ecclesia
907 5440 1017 5519 modo,
1039 5462 1156 5506 verum
1178 5440 1277 5504 etiam
1299 5460 1412 5523 respu-
1551 5438 1568 5492 4
1598 5440 1810 5508 coqueremus
1828 5455 1878 5494 ⁰⁶¹⁸·

444 5531 526 5598 blica
547 5539 733 5596 extremum
761 5528 935 5594 discrimen
957 5526 1082 5593 adierit.
1126 5525 1296 5610 Siquidem
1319 5546 1413 5592 eous·
1549 5507 1567 5629 ἓ
1596 5507 1850 5644 fflfpgssffffii
1866 5575 1973 5631 ‚mm
1989 5588 2039 5628 (m,
2058 5587 2125 5628 ,m

443 5639 514 5770 que·
525 5616 574 5681 illi
594 5616 756 5700 progressi
779 5623 856 5681 sunt
877 5613 1072 5713 clamoribus
1094 5619 1127 5678 et
1145 5613 1252 5690 minis,
1274 5632 1412 5676 numero
1596 5646 1660 5701 aad.
1679 5646 1779 5700 trasna
1796 5644 1922 5714 supplicii
1932 5643 2097 5714 genuam
2114 5641 2279 5712 demuto
2295 5649 2436 5713 mmm

464 5724 581 5788 amque
610 5721 764 5785 oppressa
791 5701 950 5766 bonorum
975 5700 1142 5779 hbertatc,
1169 5707 1209 5765 ut
1233 5705 1345 5766 vetera
1371 5697 1412 5764 de
1464 5713 1586 5784 cetego.

542 5803 655 5862 cctam
678 5819 769 5874 opera
809 5802 867 5861 Vol-
883 5800 969 5857 xxl.
2184 5796 2219 5850 10
