5775 6867
450 749 510 811 121
1285 752 1396 821 VIuA
1419 755 1615 823 OALVINI
2389 755 2448 817 122

538 936 645 1001 Natus
678 946 729 1004 est
756 937 897 1003 Ioannes
923 938 1082 1005 Calvinus
1108 940 1293 1006 Novioduni
1321 942 1426 1009 Vere·
1480 944 1653 1010 Gallorum
1687 944 1781 1010 facile
1820 941 1972 1027 princeps
2004 943 2124 1009 Petrus
2157 941 2263 1008 Stella
2304 939 2450 1018 docebat,

448 1020 671 1088 manduorum
711 1035 769 1087 aut
806 1032 893 1090 certe
932 1027 1154 1107 proximorum
1186 1027 1428 1094 Veremanduis
1479 1031 1599 1095 mirum
1628 1044 1829 1114 quantopere
1855 1028 1947 1093 brevi
1977 1036 2122 1112 tempere
2143 1027 2332 1111 profecerit:
2370 1024 2450 1090 adeo

448 1108 567 1173 finium
590 1108 709 1192 oppido
732 1108 866 1184 celebri,
899 1132 985 1176 anne
1013 1113 1096 1177 aD.
1125 1113 1299 1178 nativitate
1321 1124 1426 1190 MDIX,
1479 1117 1609 1198 quidem
1632 1127 1678 1195 ut,
1700 1137 1801 1198 quum
1834 1113 2022 1196 saepissime
2050 1114 2152 1180 obiret
2174 1116 2319 1196 ipsorum
2342 1110 2450 1176 docte·

450 1203 492 1258 VI
512 1193 595 1258 Idus
617 1193 701 1272 Iulii,
724 1204 815 1277 patre
838 1196 987 1262 Gerardo
1008 1197 1156 1274 Calvino,
1178 1207 1283 1264 matre
1303 1200 1429 1265 Ioanna
1478 1223 1552 1266 rum
1575 1203 1676 1279 vices,
1708 1201 1819 1267 docter
1846 1199 1955 1283 potius
1983 1221 2081 1282 quam
2114 1199 2244 1265 auditor
2265 1197 2450 1273 haberetur,

450 1278 592 1357 Franca,
616 1290 756 1364 utreque
778 1281 932 1346 honestae
954 1282 1061 1347 famae
1084 1292 1116 1347 et
1137 1284 1354 1351 mediocribus
1377 1285 1426 1350 fa·
1479 1289 1573 1369 eique
1612 1286 1793 1352 discedenti
1831 1287 2016 1351 doctoratus
2054 1285 2196 1369 insignia
2229 1283 2349 1366 absque
2383 1282 2451 1347 ullo

451 1365 629 1432 cultatibus
650 1378 794 1449 parente.
839 1367 923 1431 Erat
950 1369 979 1433 is
1003 1369 1173 1434 Gerardus
1203 1392 1270 1434 nen
1292 1372 1387 1454 pauci
1402 1376 1427 1454 ¹)
1478 1373 1601 1455 pretio,
1629 1394 1756 1438 summe
1786 1372 1970 1438 decentium
1999 1371 2145 1435 omnium
2175 1390 2334 1435 consensu
2356 1367 2451 1451 quasi

452 1450 562 1516 iudicii
585 1460 620 1515 et
641 1453 767 1517 consilii
789 1451 906 1530 homo,
942 1453 1078 1536 ideoque
1101 1454 1264 1521 nobilibus
1285 1458 1354 1521 eius
1376 1477 1426 1521 re·
1478 1459 1600 1541 optime
1633 1458 1673 1523 de
1707 1456 1887 1524 Academia
1919 1456 2035 1520 merito
2068 1458 2273 1521 offerrentur.
2318 1454 2451 1519 Interea

452 1538 557 1621 gionis
579 1536 744 1621 plerisque
766 1559 874 1604 carus:
899 1538 983 1622 quod
1005 1540 1041 1603 in
1063 1562 1161 1607 eausa
1183 1541 1258 1618 fuit,
1282 1551 1319 1607 ut
1341 1543 1428 1607 inter
1478 1551 1588 1608 tamen
1616 1545 1671 1610 ille
1701 1565 1866 1610 sacrarum
1891 1544 2059 1607 literarum
2089 1539 2232 1608 studium
2255 1540 2353 1606 simul
2376 1539 2450 1604 dili·

451 1623 679 1700 Mommorios,
714 1645 796 1707 quae
825 1625 949 1688 familia
970 1626 1037 1691 illic
1057 1627 1121 1691 fuit
1143 1626 1313 1692 nobilitate
1336 1649 1428 1711 prae-
1477 1640 1593 1712 genter
1621 1630 1782 1704 excolere,
1810 1630 1844 1694 in
1867 1649 1930 1712 quo
1957 1635 2086 1691 tantum
2116 1628 2213 1693 etiam
2243 1633 2452 1710 promoverat

452 1710 547 1791 cipua
568 1710 718 1792 insignis,
741 1709 918 1774 liberaliter
940 1711 1123 1791 admodum,
1156 1722 1293 1795 paterno
1316 1723 1425 1778 tamen
1478 1725 1514 1780 ut
1543 1717 1727 1798 quicunque
1755 1717 1790 1779 in
1824 1737 1863 1780 ea
1884 1714 1965 1779 urbe
1986 1714 2095 1795 aliquo
2118 1714 2259 1795 purioris
2281 1711 2450 1795 religionis

452 1803 585 1877 sumptu
608 1794 767 1859 calvinus
789 1796 877 1862 filius
898 1817 918 1860 a
940 1797 1047 1880 prima
1069 1799 1207 1881 pueritia
1224 1800 1425 1864 educaretur.
1477 1801 1719 1885 cognoscendae
1741 1801 1847 1866 studio
1869 1799 2090 1883 tangebantur
2107 1798 2147 1863 ad
2167 1819 2240 1862 eum
2259 1798 2357 1863 etiam
2376 1817 2451 1878 per·

453 1881 519 1946 Eos
551 1880 670 1945 deinde
702 1880 870 1946 Lutetiam
904 1882 1087 1948 studiorum
1120 1887 1226 1967 gratia
1259 1894 1425 1968 sequutus,
1478 1887 1675 1952 cantandum
1711 1887 1929 1962 ventitarent,
1962 1884 2096 1966 eiusque
2129 1894 2199 1949 tum
2232 1883 2449 1948 eruditionem

453 1982 696 2049 praeceptorem
718 1966 834 2032 habuit
855 1968 889 2031 in
913 1968 1096 2053 Gymnasio
1111 1970 1425 2036 MarehianoMatu-
1477 1981 1547 2036 tum
1577 1973 1725 2038 ardorem
1749 1992 1945 2056 magnopere
1974 1969 2224 2034 admirarentur.
2273 1970 2450 2034 Testantur

453 2053 563 2116 rinurn
599 2051 810 2131 (lardarium,
854 2064 1016 2136 spectatae
1048 2065 1119 2119 tum
1152 2056 1322 2138 probitatis
1355 2066 1424 2121 tum
1477 2069 1585 2122 autem
1608 2059 1760 2123 nonnulli
1782 2058 1889 2123 adhuc
1910 2057 2112 2138 superstites,
2135 2057 2190 2137 qui
2214 2064 2284 2119 tum
2308 2056 2338 2119 ei
2359 2055 2450 2118 sami-

454 2138 645 2203 eruditionis
667 2139 792 2213 virum,
823 2148 855 2204 et
883 2142 1046 2223 insignem
1068 2162 1198 2224 semper
1219 2143 1367 2208 habitum
1390 2143 1425 2206 in
1477 2144 1574 2209 liares
1608 2153 1640 2208 et
1669 2143 1918 2210 contubernales
1947 2145 2094 2214 fuerunt,
2127 2142 2333 2206 consuevisse
2354 2139 2449 2203 illum

453 2224 603 2288 omnibus
629 2224 697 2288 lere
720 2225 848 2289 Galliae
870 2226 989 2291 scholis
1017 2227 1201 2293 iuventutis
1228 2227 1426 2293 erudiendae
1477 2229 1589 2313 perid
1617 2242 1762 2312 tempus,
1791 2239 1961 2311 postquam
1984 2227 2158 2311 frugaliter
2180 2226 2352 2291 admodum
2376 2245 2449 2290 cee-

453 2310 656 2393 magistrum,
678 2311 837 2376 Genevae
859 2311 988 2376 demum
1011 2333 1049 2376 ee
1071 2314 1140 2395 ipse
1162 2334 1248 2378 anno
1269 2335 1332 2396 quo
1351 2314 1425 2379 Cal·
1476 2323 1600 2391 nasset,
1634 2315 1675 2379 ad
1698 2315 1838 2380 mediam
1859 2333 1960 2396 usque
1982 2324 2110 2378 nectem
2133 2313 2319 2390 lucubrare,
2352 2329 2448 2374 mane

454 2396 564 2470 rinus,
610 2406 656 2459 vl.
679 2395 793 2461 Nonas
832 2395 1037 2479 Septembris
1090 2410 1271 2464 mertuum:
1321 2420 1422 2482 quum
1474 2419 1554 2465 vero
1577 2411 1814 2484 experrectum,
1837 2421 1919 2483 quae
1942 2399 2073 2483 legisset
2093 2400 2127 2462 in
2146 2398 2230 2463 lecto
2248 2395 2448 2479 aliquamdiu

454 2500 574 2545 annum
608 2501 710 2566 agens
743 2486 1001 2566 octuagesimum
1035 2486 1182 2566 quintum
1217 2507 1255 2549 ee
1288 2484 1423 2551 docendi
1474 2486 1626 2551 meditari
1648 2488 1814 2569 velutique
1836 2506 2046 2568 concoquere,
2068 2505 2128 2548 nec
2150 2483 2243 2548 facile
2265 2484 2299 2546 in
2322 2503 2361 2546 ea
2379 2502 2447 2545 me-

452 2587 586 2632 mnnere
619 2569 655 2631 in
690 2568 751 2632 hoe
784 2568 966 2652 Gymnasio
1000 2569 1187 2635 Genevensi
1222 2572 1422 2655 fungeretur.
1475 2573 1632 2638 ditatione
1664 2594 1795 2655 passum
1825 2571 2037 2653 interpellari.
2090 2568 2219 2651 Quibus
2248 2567 2448 2634 continuatis

453 2653 645 2718 Translatus
674 2652 791 2716 deinde
818 2656 853 2717 in
876 2655 1094 2738 Gymnasium
1117 2657 1157 2722 ab
1181 2661 1287 2722 Aeuto
1310 2658 1424 2722 Monte
1476 2659 1595 2740 vigiliis
1617 2659 1673 2723 ille
1695 2658 1826 2740 quidem
1845 2657 1982 2722 solidam
2001 2655 2216 2721 eruditionem
2235 2663 2269 2718 et
2285 2653 2447 2718 excellen-

452 2740 716 2821 eagnominatum
739 2739 925 2822 Hispanum
948 2741 1063 2805 habuit
1089 2742 1250 2806 doctorem
1286 2765 1348 2806 non
1373 2744 1422 2807 in·
1476 2755 1542 2808 tem
1565 2746 1754 2808 memoriam
1778 2756 1828 2808 est
1848 2751 2079 2825 consequutus,
2103 2741 2158 2806 sed
2182 2740 2273 2803 illam
2295 2737 2446 2817 vicissim,

452 2824 594 2889 doctum:
626 2825 1281 2911 aquoexcultoipsiusingenio,quod
1305 2829 1422 2893 eiiam
1475 2839 1512 2894 ut
1530 2830 1706 2895 verisimile
1723 2840 1781 2907 est,
1804 2829 1979 2894 ventriculi
1999 2827 2256 2893 imbecillitatem
2274 2825 2447 2901 contraxit,

452 2921 519 2974 tum
542 2921 615 2975 erat
637 2911 841 2988 acerrimum,
864 2912 911 2975 ita
933 2914 1069 2995 profecit
1091 2922 1128 2978 ut
1149 2915 1286 2979 caeteris
1307 2914 1423 2978 sodali·
1476 2936 1559 2997 quae
1577 2918 1684 2980 varies
1704 2916 1768 2998 ipsi
1791 2914 1919 2980 morbos
1941 2924 1974 2978 et
1996 2912 2129 2978 tandem
2153 2913 2250 2976 etiam
2274 2912 2449 2993 intempes-

453 2994 508 3060 bus
529 2996 564 3061 in
588 2998 817 3080 grammatices
839 2998 1000 3063 curriculo
1022 3001 1078 3077 [A.
1092 3003 1125 3079 6]
1147 3000 1272 3065 relictis
1294 3000 1334 3064 ad
1354 3000 1423 3065 dia·
1476 3003 1575 3066 tivam
1599 3015 1739 3066 mortem
1762 3000 1882 3066 attulit.

451 3081 579 3147 lecticas
601 3092 634 3147 et
655 3081 793 3147 aliarum
816 3094 1025 3166 quasveeant
1045 3086 1162 3149 artium
1186 3085 1329 3150 studium
1348 3107 1422 3168 pro·
1560 3088 1642 3151 Ilrat
1675 3096 1744 3151 tum
1768 3087 1963 3152 Academiae
1985 3084 2202 3149 Bituricensis
2224 3104 2344 3167 magna
2365 3083 2449 3147 cele·

450 3178 644 3234 moreretur.
685 3167 878 3234 Destinarat
899 3180 1008 3235 autem
1038 3191 1114 3236 eum
1144 3181 1237 3254 pater
1264 3174 1303 3236 ab
1326 3172 1421 3236 initio
1474 3173 1585 3248 britas,
1608 3171 1693 3255 quod
1716 3194 1753 3237 eo
1776 3184 1928 3238 evocatus
1950 3192 1992 3235 ex
2009 3170 2107 3234 Italia
2124 3169 2374 3233 iurisconsultus
2395 3189 2448 3232 ae·

451 3254 633 3338 theologiae
654 3254 787 3333 studiis,
810 3252 852 3319 ad
874 3276 957 3337 quae
979 3256 1065 3321 ultro
1086 3258 1179 3322 illum
1202 3258 1357 3322 inclinare
1379 3279 1421 3322 ex
1474 3259 1552 3324 tatis
1574 3280 1653 3323 suae
1674 3259 1768 3323 facile
1788 3259 1940 3341 princeps
1959 3255 2109 3320 Andreas
2127 3255 2276 3319 Alciatus
2294 3255 2447 3332 venisset,

450 3360 486 3405 ee
506 3339 696 3424 colligebat,
726 3340 812 3422 quod
841 3342 874 3405 in
897 3342 953 3406 illa
975 3344 1073 3407 etiam
1097 3350 1209 3407 tenera
1230 3352 1336 3408 aetate
1358 3344 1419 3407 mi·
1474 3366 1569 3427 quem
1593 3343 1654 3409 sibi
1676 3364 1803 3426 quoque
1814 3344 1956 3407 Ioannes
1974 3348 2085 3406 noster
2097 3338 2294 3405 audiendum
2306 3340 2444 3421 putavit

449 3446 521 3490 rum
544 3428 578 3490 in
603 3426 734 3491 medum
756 3427 929 3510 religiosus
951 3436 1037 3493 esset
1058 3436 1091 3494 et
1112 3450 1246 3494 severus
1272 3428 1420 3493 omnium
1473 3431 1588 3512 Itaque
1610 3451 1709 3512 quum
1732 3449 1770 3493 eo
1792 3430 1978 3511 migrasset,
2006 3426 2183 3491 amicitiam
2211 3426 2285 3489 iniit
2314 3436 2347 3489 et
2369 3424 2446 3489 reli-

449 3513 480 3576 in
512 3513 582 3578 suis
604 3511 768 3577 sodalibus
800 3512 954 3577 vitiorum
987 3533 1117 3579 censor:
1152 3512 1239 3597 quod
1267 3536 1309 3579 ex
1339 3537 1418 3579 non·
1472 3518 1577 3599 gienis
1599 3527 1633 3582 et
1655 3517 1824 3580 literarum
1846 3514 1977 3579 nomine
1999 3533 2071 3579 cum
2085 3510 2446 3577 MelchioreWolmaro

449 3599 546 3663 nullis
580 3599 679 3662 suam
707 3597 874 3664 catholicis
895 3599 1021 3665 idoneis
1043 3600 1181 3665 testibus
1203 3602 1316 3665 multis
1345 3611 1420 3684 post
1473 3601 1643 3666 Germano
1664 3600 1876 3675 Rotvillensi,
1900 3599 2101 3666 Graecarum
2124 3598 2293 3661 literarum
2315 3597 2446 3679 publice

450 3686 550 3763 annis,
572 3683 693 3750 celebri
715 3684 779 3748 iam
803 3684 873 3750 eius
895 3685 1042 3765 nemine,
1066 3687 1177 3751 audire
1200 3708 1252 3751 me
1273 3687 1418 3751 memini.
1472 3696 1541 3751 tum
1565 3687 1632 3754 illic
1654 3688 1849 3771 professore:
1872 3686 1965 3752 cuius
1985 3684 2131 3750 maxime
2153 3682 2216 3747 viri
2233 3704 2271 3747 eo
2290 3682 2445 3748 libentius

449 3767 562 3852 Itaque
585 3770 678 3853 quasi
699 3768 796 3835 rebus
818 3772 919 3837 saeris
937 3771 1097 3837 destinato
1115 3782 1207 3855 pater
1225 3771 1418 3837 beneficium
1470 3775 1620 3852 memini,
1654 3772 1738 3857 qued
1773 3772 1913 3837 eundem
1947 3791 2007 3854 ege
2040 3791 2059 3834 a
2092 3770 2197 3852 prima
2227 3769 2371 3852 pueritia
2403 3767 2444 3832 ad

450 3854 486 3919 ab
517 3856 669 3938 episeopo
701 3854 946 3921 Neviodunensi
980 3860 1169 3940 impetravit
1207 3858 1241 3922 in
1284 3858 1420 3923 ecelesia
1470 3858 1674 3942 pubertatem
1719 3879 1822 3941 usque
1870 3864 2111 3941 praeceptorem
2155 3855 2289 3920 unicum
2334 3853 2444 3934 habui,

450 3941 636 4018 cathedrali,
658 3963 754 4025 quam
778 3942 951 4025 appellant,
975 3965 1013 4008 ae
1035 3944 1186 4027 deinceps
1208 3945 1306 4009 etiam
1326 3965 1419 4026 paro·
1470 3945 1564 4010 cuius
1586 3944 1782 4022 doctrinam,
1813 3945 1966 4028 pietatem
1996 3950 2203 4023 caeterasque
2225 3942 2364 4005 virtutes
2387 3940 2443 4004 ad-

450 4026 539 4092 ehiae
572 4028 774 4094 curationem
803 4029 838 4092 in
871 4050 955 4112 pago
988 4029 1060 4094 urbi
1094 4031 1215 4108 vicino,
1251 4030 1308 4112 qui
1329 4031 1419 4095 Pons
1470 4030 1650 4096 mirabilem
1674 4030 1813 4113 denique
1840 4031 1874 4095 in
1903 4025 2081 4094 erudienda
2106 4028 2279 4091 iuventute
2301 4026 2443 4092 dexteri-

450 4114 588 4196 episcepi
619 4114 753 4191 dicitur,
782 4134 823 4178 ex
852 4135 916 4199 quo
946 4123 1036 4180 ortus
1058 4116 1128 4198 ipse
1150 4115 1319 4182 Gerardus
1343 4116 1419 4181 (lal-
1470 4125 1571 4180 tatem
1590 4138 1758 4201 nunquam
1771 4115 1985 4198 satispossim
2003 4112 2198 4196 praedicare.
2236 4112 2310 4177 Hoc
2329 4123 2443 4177 autore

450 4199 546 4264 uinus
566 4210 662 4283 pater
682 4201 717 4264 in
739 4199 852 4264 urbem
876 4203 978 4282 ipsam
1002 4210 1114 4284 postea
1135 4203 1329 4267 transierat:
1352 4223 1417 4285 que
1469 4213 1502 4266 et
1524 4201 1672 4267 adiutore
1694 4202 1853 4268 (lalrinus
1875 4202 2021 4267 Graecas
2050 4199 2161 4262 literas
2190 4197 2317 4275 didicit,
2352 4199 2444 4264 euius
2522 4210 2524 4216 '

450 4283 515 4349 loeo
543 4294 674 4351 constat
701 4284 858 4350 Ioannem
888 4287 995 4369 ipsum
1019 4287 1208 4364 Calvinum,
1243 4299 1417 4370 antequam
1469 4288 1617 4353 beneficii
1644 4289 1835 4354 memoriam
1863 4286 2015 4350 omnibus
2043 4293 2155 4367 postea
2188 4291 2341 4348 testatam
2371 4304 2443 4349 esse

450 4368 558 4436 Gallia
575 4370 754 4449 excederet,
772 4372 874 4437 nullis
891 4372 1012 4455 alioqui
1023 4374 1198 4456 pontificiis
1208 4372 1377 4438 ordinibus
1387 4375 1416 4457 ²)
1470 4375 1581 4452 voluit,
1604 4375 1800 4441 consecratis
1822 4375 1926 4457 ipsius
1948 4370 2074 4436 nomini
2096 4369 2338 4435 commentariis
2363 4390 2442 4451 quos

448 4456 609 4522 initiatum
632 4458 757 4540 aliquot
778 4457 818 4521 ad
842 4458 997 4540 populum
1021 4459 1191 4524 conciones
1213 4458 1374 4524 habuisse.
1468 4461 1502 4523 in
1526 4460 1663 4525 alteram
1685 4460 1726 4525 ad
1750 4458 1939 4525 Corinthios
1961 4456 2130 4540 epistolam
2154 4453 2265 4519 edidit.

530 4543 598 4608 Sed
620 4543 681 4609 hoe
701 4543 873 4607 eonsilium
891 4545 1067 4628 interrupit
1086 4546 1254 4627 utriusque
1272 4554 1417 4611 mutatus
1554 4547 1594 4610 In
1617 4546 1669 4610 his
1699 4546 1801 4630 igitur
1828 4544 1945 4610 studiis
1968 4553 2171 4619 versantem,
2205 4542 2250 4604 ita
2273 4547 2383 4604 tamen
2405 4547 2443 4604 ut

448 4630 581 4694 animus.
616 4630 727 4694 Patris
749 4629 880 4711 quidem
899 4630 983 4712 quod
995 4630 1284 4713 jurisprudentiam
1296 4633 1417 4697 certius
1468 4651 1576 4696 sacras
1609 4632 1721 4697 literas
1754 4630 1884 4695 assidue
1919 4634 1978 4708 [tol.
2004 4639 2039 4692 11.
2063 4633 2107 4706 2.]
2129 4639 2264 4702 tereret,
2297 4625 2442 4707 adeoque

447 4713 507 4779 iter
540 4736 610 4780 esse
643 4715 683 4780 ad
718 4735 795 4798 opes
828 4727 860 4780 et
893 4716 1034 4781 honores
1063 4717 1205 4781 videret:
1239 4718 1297 4781 filii
1327 4737 1414 4795 vero,
1467 4718 1643 4784 nonnullas
1671 4718 1803 4782 interim
1832 4716 2002 4782 conciones
2024 4715 2058 4777 in
2081 4734 2160 4796 agro
2182 4712 2382 4792 Biturigum,
2406 4713 2440 4776 in

446 4799 559 4882 quoda
576 4813 714 4884 cognato
732 4802 871 4883 quodam
891 4822 949 4866 suo
961 4803 1060 4867 Petro
1073 4803 1218 4867 Roberto
1231 4800 1415 4877 Olivetano,
1467 4803 1623 4886 oppidulo
1641 4804 1725 4886 quod
1739 4802 2032 4887 Linqriasvoeant,
2055 4811 2228 4881 praesente
2239 4808 2272 4861 et
2282 4796 2441 4880 probante

445 4889 495 4952 eui
518 4887 666 4953 Gallicae
695 4887 848 4952 eeclesiae
877 4907 1036 4954 conversa
1063 4911 1103 4954 ex
1133 4888 1285 4954 Hebraeo
1307 4889 1416 4953 Biblia
1466 4890 1554 4953 illius
1573 4890 1703 4955 domino
1721 4889 1866 4965 haberet,
1887 4887 2058 4969 repentina
2070 4905 2158 4949 mors
2171 4884 2271 4966 patris
2284 4882 2440 4947 nunciata

444 4971 597 5039 Neoeemi
618 4974 777 5056 impressa
798 4972 940 5057 debent),
964 4973 1004 5038 de
1025 4995 1103 5039 vera
1124 4974 1282 5058 religione
1305 4973 1415 5039 adme·
1466 4976 1499 5040 in
1540 4977 1679 5058 patriam
1718 4975 1894 5040 revocarit.
1949 4971 2033 5036 Inde
2072 4971 2167 5053 paule
2199 4977 2271 5052 post
2303 4969 2441 5034 Lutetia

444 5059 531 5124 nitus
559 5059 706 5144 legendis
735 5060 837 5124 saeris
866 5059 958 5124 libris
986 5081 1021 5125 se
1043 5060 1187 5139 tradere,
1218 5062 1415 5142 asupersti·
1466 5064 1637 5137 transiens,
1662 5081 1764 5143 quum
1786 5080 1909 5124 annum
1933 5066 2045 5142 ageret
2061 5057 2258 5140 vigesimum
2276 5065 2437 5136 quartum,

444 5146 585 5211 tionibus
595 5166 674 5211 vero
685 5143 869 5221 abhorrere,
890 5168 927 5211 ae
945 5146 1081 5229 proinde
1093 5167 1164 5212 sese
1183 5146 1223 5210 ab
1235 5146 1301 5211 illis
1314 5146 1415 5212 sacris
1466 5148 1633 5231 egregium
1655 5146 1749 5211 illum
1779 5145 2048 5211 commentarium
2078 5143 2207 5224 scripsit
2236 5141 2270 5204 in
2294 5138 2439 5205 Senecae

443 5233 613 5314 seiungere
645 5231 812 5313 coepisset.
868 5232 1038 5298 Profectus
1078 5253 1155 5317 ergo
1192 5232 1274 5297 iuris
1307 5233 1414 5297 civilis
1464 5231 1611 5297 libellum
1634 5231 1674 5296 de
1696 5231 1894 5297 Clementia:
1925 5251 1989 5313 quo
2011 5229 2169 5312 scriptore
2191 5225 2383 5311 gravissimo
2405 5235 2439 5291 et

443 5315 593 5383 audiendi
616 5337 714 5382 eausa
732 5317 907 5394 Aureliam,
931 5318 987 5382 ubi
1008 5326 1088 5384 tune
1110 5318 1412 5383 iurisconsultorum
1463 5316 1859 5401 ipsiusGalvinimcribus
1870 5315 2187 5399 planeeonveniente
2195 5311 2290 5377 valde
2301 5311 2440 5377 delecta·

1465 5412 1623 5469 tumeam
1636 5404 1737 5469 fuisse
1749 5411 1885 5468 constat.
1920 5403 1970 5466 Ibi
1989 5401 2101 5483 paucis
2119 5397 2284 5463 mensibus
2295 5396 2439 5462 innotuit

1464 5489 1615 5555 omnibus
1637 5490 1778 5573 purioris
1801 5489 1968 5572 religionis
1986 5485 2148 5562 studiosis,
2171 5485 2258 5548 inter
2275 5502 2356 5566 quos
2373 5484 2438 5548 fre·

526 5608 541 5660 1
574 5606 647 5661 EM,
666 5613 772 5663 „m
791 5565 877 5677 parvi.
1464 5590 1602 5657 quenter
1624 5587 1739 5658 postea
1760 5594 1825 5639 non
1848 5577 1919 5640 sine
1952 5572 2073 5652 insigni
2094 5571 2227 5654 pietatis
2248 5568 2437 5635 testimonie

524 5675 541 5729 2
574 5675 647 5731 Ede.
665 5679 772 5732 recente.
793 5677 857 5731 aaa.
876 5694 1002 5745 unquam.
1464 5671 1771 5727 commemorantem
1805 5680 1880 5726 eum
1909 5657 2093 5723 audivimus
2120 5656 2326 5738 Stephanum
2355 5655 2438 5720 For-
