5775 6867
449 781 509 844 153
1281 781 1394 846 VITA
1415 780 1618 848 OALVINI.
2378 783 2440 846 154

446 969 599 1052 quamvis
631 968 757 1052 aliquot
785 970 883 1036 etiam
906 969 1031 1052 primae
1052 968 1232 1036 nobilitatis
1265 970 1418 1036 mulieres
1471 970 1607 1036 historia
1634 970 1755 1054 partim
1783 970 1824 1036 ab
1852 970 1924 1053 ipso
1945 969 2084 1036 Oalvino
2113 991 2154 1035 cx
2182 970 2262 1036 actis
2288 969 2439 1056 publicis,

446 1056 480 1120 in
510 1055 551 1121 iis
579 1064 802 1121 cernerentur.
854 1055 1085 1122 Accendebant
1107 1056 1209 1140 Regis
1237 1056 1320 1120 iram
1351 1077 1416 1120 uon
1470 1057 1590 1140 partim
1618 1055 1836 1122 aBenedicto
1859 1055 1969 1121 Aretio
1991 1056 2152 1122 Beruensi
2182 1056 2334 1141 theologo
2362 1080 2437 1141 pas-

446 1139 541 1206 modo
568 1141 627 1223 qui
655 1141 748 1206 illum
777 1141 1047 1220 circumstabant,
1076 1162 1191 1209 verum
1218 1142 1318 1207 etiam
1347 1143 1418 1226 ipsa
1470 1152 1539 1207 tore
1568 1141 1707 1208 fideliter
1736 1142 1914 1225 descripta,
1945 1140 2131 1224 adiectaque
2160 1140 2438 1226 blasphemiarum

446 1235 632 1309 temporum
671 1227 804 1293 occasio.
858 1227 951 1293 Haec
990 1228 1078 1291 enim
1118 1236 1188 1292 tum
1221 1226 1416 1306 inciderunt,
1467 1228 1571 1311 ipsius
1592 1228 1761 1294 refutatio:
1783 1249 1866 1312 quae
1888 1227 2020 1312 quidem
2042 1228 2152 1293 omnia
2173 1227 2301 1311 aliaque
2323 1230 2437 1297 eodem

446 1333 546 1396 quum
567 1313 708 1397 insignis
725 1312 783 1378 illa
800 1311 907 1378 clades
925 1311 966 1377 ad
984 1311 1241 1395 Sanquiutinum
1261 1323 1346 1378 esset
1364 1334 1416 1379 ac·
1469 1322 1633 1395 congesta,
1652 1335 1735 1395 quae
1753 1314 1793 1378 ad
1811 1314 1894 1379 illud
1911 1326 2141 1396 argumentum
2159 1315 2333 1395 pertinent,
2352 1315 2440 1383 edita

446 1406 553 1481 cepta:
586 1405 621 1462 ct
642 1407 736 1464 nocte
758 1406 979 1463 convenerant
1000 1399 1055 1480 pii,
1079 1397 1165 1481 quod
1187 1399 1252 1464 illis
1274 1396 1417 1464 interdiu
1469 1405 1546 1464 sunt
1568 1399 1602 1463 in
1624 1399 1686 1465 hac
1705 1400 1837 1464 civitate
1859 1420 1945 1465 anno
1963 1399 2097 1463 Domini
2119 1409 2222 1463 LXVII
2242 1421 2342 1483 supra
2370 1424 2438 1468 scs-

445 1483 536 1549 nullo
561 1483 660 1548 modo
682 1483 807 1550 licebat
850 1483 966 1567 Itaque
988 1492 1138 1549 vetustae
1160 1483 1235 1549 illae
1257 1492 1291 1548 et
1310 1485 1416 1549 ranci-
1468 1485 1746 1566 quimillesimum.
1796 1486 1887 1570 Ergo
1921 1484 2037 1549 infelix
2069 1486 2132 1550 iste
2161 1487 2269 1568 sagaci
2298 1487 2438 1568 quidem,

446 1569 504 1635 dae
526 1569 710 1635 calumniae
731 1571 765 1634 in
788 1569 993 1636 Christianos
1015 1570 1093 1634 olim
1116 1571 1317 1654 excogitatae
1339 1580 1417 1635 tunc
1469 1570 1526 1635 sed
1547 1571 1641 1635 vafro
1663 1570 1900 1653 sophisticoquc
1921 1571 2054 1649 ingenio
2076 1568 2250 1653 praeditus,
2272 1572 2439 1655 aliquanto

445 1664 690 1739 qucqueautore
698 1655 1080 1739 quodam¹)Demochare
1089 1654 1265 1721 sorbonico
1277 1657 1415 1734 doctore,
1512 1666 1542 1721 st
1564 1666 1729 1737 sumptum
1760 1655 1800 1721 de
1822 1656 1962 1722 Serveto
1991 1654 2187 1739 supplicium
2215 1668 2329 1722 nactus
2351 1659 2440 1727 illius

444 1742 605 1824 repositae
617 1748 703 1818 sunt,
716 1741 808 1824 quasi
820 1740 971 1806 videlicet
982 1740 1129 1806 omnium
1145 1741 1305 1806 malorum
1318 1761 1416 1806 causa
1483 1742 1590 1806 ‘brum
1611 1743 1753 1823 itemque
1771 1741 1902 1807 (lalviui
1924 1742 2154 1806 refutationem
2177 1741 2270 1808 facile
2291 1744 2439 1810 animad-

444 1827 518 1892 unis
541 1847 621 1892 vere
643 1825 828 1892 christianis
838 1829 867 1909 ²)
896 1834 982 1892 esset
1010 1826 1192 1892 tribuenda.
1236 1826 1416 1892 Subornati
1469 1829 1585 1907 vertit,
1612 1847 1718 1910 neque
1745 1827 1834 1892 illius
1854 1837 1984 1911 spectra
2005 1837 2039 1892 et
2058 1827 2158 1905 ideas,
2182 1828 2301 1910 quibus
2324 1828 2439 1896 Samo·

445 1915 542 1978 etiam
564 1913 622 1995 qui
643 1917 862 1994 λοχνομοιχείαν
884 1914 1130 1991 confirmarent,
1154 1913 1270 1996 quibus
1292 1911 1416 1978 creduli
1468 1913 1574 1977 sateni
1597 1913 1760 1977 haeresim
1783 1912 1838 1978 ille
1866 1914 2084 1990 coloraverat,
2106 1933 2211 1996 neque
2232 1914 2396 1980 invectam
2419 1938 2439 1982 a

445 1998 588 2081 plerique
618 1998 888 2063 assentiebantur.
943 1996 1099 2064 Producti
1135 2006 1213 2065 sunt
1241 2000 1344 2082 igitur
1374 1999 1416 2062 ad
1469 1997 1612 2064 Sabellio
1624 2018 1834 2080 personarum
1853 2018 1926 2064 cum
1945 2001 2085 2064 essentia
2106 1999 2330 2065 confusionem
2348 2000 2436 2089 [05]

444 2085 593 2149 flammas
621 2083 661 2149 ad
690 2091 831 2167 septem,
860 2091 911 2148 ter
932 2086 1071 2168 repetito
1092 2084 1256 2167 exemplo:
1279 2085 1313 2148 in
1336 2106 1415 2167 quo·
1468 2084 1622 2149 deitatem
1650 2084 1790 2167 denique
1820 2084 1961 2164 Christi,
1997 2085 2126 2167 qualem
2160 2086 2309 2167 impurus
2335 2088 2438 2153 Arius

444 2191 515 2235 rum
537 2170 646 2251 primo
668 2171 831 2237 accensita
852 2170 941 2246 θεῖ’)
963 2168 1083 2234 nobilis
1105 2168 1263 2253 quaedam
1286 2171 1414 2249 mulier,
1468 2169 1627 2236 factitiam
1641 2174 1667 2252 ¹)
1695 2191 1766 2236 esse
1801 2169 1925 2247 docuit,
1954 2192 2028 2236 cum
2051 2170 2152 2236 verbo
2179 2170 2244 2235 Dei
2272 2172 2439 2238 conciliari

444 2256 535 2322 caius
557 2253 689 2320 demum
707 2263 746 2320 ut
767 2265 800 2321 ct
819 2276 876 2321 sex
899 2255 1037 2321 aliorum
1056 2265 1153 2339 atque
1173 2257 1208 2320 in
1230 2255 1283 2322 his
1306 2257 1415 2323 uouis-
1467 2277 1572 2338 posse.
1616 2257 1663 2320 Et
1685 2277 1786 2338 quum
1807 2277 1930 2332 rursus,
1952 2277 2035 2338 quae
2057 2257 2092 2320 in
2114 2257 2285 2338 scripturis
2308 2256 2349 2322 de
2371 2280 2438 2324 una

444 2341 599 2408 simorum
629 2341 766 2406 duorum
776 2344 805 2425 ⁴)
834 2340 1075 2408 adolescentum
1108 2342 1293 2407 constantia
1319 2342 1416 2426 plane
1467 2342 1532 2406 Dei
1562 2341 1705 2407 essentia
1736 2352 1770 2405 et
1798 2342 1902 2407 tribus
1935 2342 2023 2406 inter
2050 2364 2085 2408 se
2111 2363 2148 2407 re
2175 2342 2245 2424 ipsa
2273 2343 2437 2410 distinctis

444 2427 503 2492 fuit
531 2426 742 2493 admirabilis.
800 2428 927 2492 Verum
960 2427 1081 2511 partim
1115 2427 1242 2493 detecta
1274 2428 1415 2510 quidem,
1468 2426 1701 2511 hypostasibus
1712 2426 1896 2503 traduntur,
1914 2427 2148 2511 intelligentiae
2162 2437 2292 2493 nostrae
2302 2429 2465 2494 minime.

444 2512 498 2578 sed
521 2513 658 2576 minime
679 2522 790 2576 tamen
813 2513 954 2579 coercita
971 2512 1224 2581 Serbonicorum
1243 2513 1415 2593 calumnia,
1467 2512 1628 2595 quadrare
1651 2512 1793 2590 videret,
1820 2512 1898 2577 fecit
1919 2513 2003 2594 quod
2027 2513 2186 2579 eiusmodi
2206 2514 2340 2597 ingenia
2361 2534 2438 2580 con·

444 2608 547 2664 matre
569 2619 687 2681 nempe
704 2600 851 2680 captivas
872 2620 981 2665 eccum
1003 2599 1097 2678 filias,
1121 2620 1203 2683 quae
1225 2607 1416 2682 constupra·
1467 2605 1655 2676 sueverunt,
1679 2596 1790 2674 idest,
1813 2621 1880 2664 nun
1900 2620 1970 2664 sese
1989 2598 2053 2664 Dei
2075 2599 2253 2682 sapientiae
2275 2600 2437 2682 submisit,

444 2691 493 2748 tae
514 2683 716 2761 dicebantur,
739 2682 779 2747 ad
802 2685 1037 2766 inspectionem
1064 2684 1225 2750 iudicibus
1248 2686 1415 2764 offerente,
1467 2684 1524 2750 sed
1546 2684 1579 2749 id
1602 2683 1733 2749 demum
1752 2705 1868 2749 verum
1890 2705 1961 2750 esse
1983 2685 2045 2751 sibi
2062 2687 2234 2767 persuasit,
2255 2687 2339 2768 quod
2361 2707 2437 2752 cum

445 2778 476 2834 et
495 2770 620 2853 optimo
641 2769 781 2852 quodem
800 2769 1049 2854 doctissimoque
1067 2772 1149 2848 viro,
1169 2778 1334 2854 pastorem
1357 2771 1416 2836 eli·
1467 2769 1611 2834 humana
1640 2770 1767 2834 ratione
1795 2772 2002 2836 consentiret
2046 2771 2164 2853 Itaque
2184 2772 2373 2836 monarchia
2395 2772 2437 2837 ad

445 2865 521 2938 quot
542 2864 621 2921 aute
631 2856 797 2921 mensibus
817 2855 1000 2940 ibiagente,
1022 2858 1150 2941 egregio
1168 2855 1276 2922 libello
1299 2866 1416 2923 cuncta
1466 2856 1597 2921 unicam
1616 2857 1718 2938 patris
1728 2876 1901 2937 personam
1913 2857 2079 2934 translata,
2102 2877 2199 2939 quem
2217 2856 2320 2922 solum
2343 2858 2437 2924 illum

444 2941 497 3006 illa
519 2941 691 3007 mendacia
713 2941 806 3006 facile
828 2944 1033 3023 revincente,
1054 2943 1174 3026 partim
1193 2943 1414 3008 intervenicn-
1467 2952 1502 3006 et
1530 2943 1663 3008 unicum
1685 2939 1829 3005 αὐτόθεον
1856 2964 1927 3008 esse
1956 2942 2074 3020 voluit,
2098 2943 2380 3022 essentiationem,
2402 2943 2436 3009 id

445 3028 524 3092 tium
536 3027 779 3093 Germanorum
792 3028 983 3110 Principum
996 3027 1166 3113 legatione,
1177 3049 1273 3111 quam
1286 3049 1415 3093 summa
1467 3036 1525 3104 est,
1538 3027 1699 3092 esseutiae
1716 3029 1984 3111 propagationem
2002 3041 2132 3111 tresque
2149 3049 2285 3093 numero
2303 3037 2342 3093 ut
2362 3050 2437 3111 per-

445 3113 608 3178 celeritate
629 3110 790 3177 Calvinus
816 3115 1024 3196 procuravit,
1051 3121 1229 3198 tempestas
1251 3114 1309 3180 illa
1330 3135 1414 3178 uon·
1465 3134 1563 3178 sonas
1585 3114 1632 3179 sic
1653 3114 1750 3177 etiam
1774 3115 1941 3188 essentias,
1964 3113 1998 3178 id
2021 3122 2079 3192 cst,
2104 3127 2169 3178 tres
2191 3135 2327 3178 numero
2349 3114 2435 3193 deos,

443 3198 525 3264 nihil
544 3199 740 3281 conquievit.
1466 3210 1533 3264 tres
1555 3210 1712 3275 aeternos,
1735 3200 1986 3282 omnipotentes,
2008 3201 2184 3265 immensos
2206 3210 2316 3282 aperte
2337 3203 2436 3282 proli·

1467 3285 1529 3350 teri
1555 3285 1676 3368 coepit,
1704 3304 1804 3365 eoque
1830 3306 1896 3349 non
1923 3283 2018 3349 modo
2047 3306 2175 3350 sacrum
2197 3284 2263 3348 Dei
2290 3287 2435 3365 verbum,

526 3369 648 3436 Annus
675 3369 765 3434 hunc
793 3382 1013 3454 consequutus
1025 3372 1052 3455 ⁶)
1079 3370 1276 3455 reipublicae
1302 3372 1413 3438 Gcnc·
1466 3369 1524 3436 sed
1546 3370 1646 3452 ipsius
1669 3369 1768 3434 etiam
1791 3370 1906 3454 synodi
1927 3370 2102 3450 Nicaenae,
2131 3370 2300 3452 repudiato
2322 3379 2434 3437 tamen

444 3455 534 3520 renai
556 3455 638 3520 felix
658 3456 769 3520 illuxit
790 3464 947 3540 perpetua
975 3457 1062 3522 iuter
1083 3458 1269 3524 Beruenses
1291 3465 1325 3522 ct
1346 3458 1414 3523 Ge·
1467 3456 1639 3522 Athanasii
1656 3455 1813 3537 symbolo,
1832 3464 1864 3520 et
1881 3457 2098 3521 vetustiorum
2117 3457 2322 3538 scriptorum,
2344 3456 2437 3522 vide·

443 3561 601 3607 nevenses
622 3543 706 3606 inita
723 3542 1011 3622 confoederatione,
1034 3554 1147 3608 contra
1169 3543 1319 3609 exsulum
1342 3543 1413 3608 illo·
1465 3543 1542 3609 licet
1563 3541 1696 3625 Ignatii,
1719 3540 1926 3617 Tertulliani,
1949 3541 2078 3606 Ireuaci
2101 3549 2134 3608 et
2154 3543 2321 3606 Lactantii
2342 3551 2435 3608 auto·

443 3627 546 3712 rami)
569 3629 889 3711 exspectationem.⁷)
916 3626 983 3694 Sed
1006 3630 1091 3695 hanc
1104 3628 1290 3695 felicitatem
1309 3629 1413 3695 multa
1466 3629 1598 3693 ritatem
1637 3625 1784 3691 inaudita
1818 3626 1958 3710 quadam
1993 3627 2196 3711 impudentia
2235 3627 2435 3710 detorquere.

444 3733 568 3796 quoque
611 3713 752 3780 adversa
784 3712 914 3780 aliunde
950 3716 1103 3780 comitata
1136 3715 1250 3802 sunt⁸)
1283 3724 1413 3800 praeter
1465 3715 1557 3780 Alios
1587 3715 1675 3778 enim
1704 3733 1816 3777 omues
1840 3713 2039 3779 orthodoxos
2060 3715 2235 3795 scriptores
2256 3713 2435 3780 Nicaenam

444 3801 539 3864 etiam
567 3799 720 3865 exsulum
747 3801 856 3865 irritos
887 3800 1020 3867 ultimos
1050 3811 1202 3881 conatus,
1233 3802 1413 3885 dequibus
1465 3800 1627 3884 synodum
1639 3809 1793 3880 sequutos
1811 3820 1874 3863 non
1893 3807 2023 3863 tantum
2039 3798 2242 3881 repudiabat,
2260 3798 2319 3864 scd
2337 3802 2436 3865 etiam

442 3884 534 3968 plura
564 3883 672 3951 dicere
701 3907 765 3951 uon
795 3886 960 3952 constitui.
1004 3886 1090 3952 Nam
1110 3888 1187 3952 foris
1210 3887 1340 3971 quidem
1362 3909 1413 3954 re·
1465 3898 1502 3950 ut
1539 3887 1656 3968 impios
1689 3883 1874 3968 sugillabat.
1929 3886 2026 3951 Hanc
2056 3893 2167 3950 autem
2199 3885 2435 3967 blasphemiam

444 3969 655 4036 crudescebat
680 3972 714 4035 iu
745 3972 854 4037 Galba
883 3974 1106 4055 persequutio,
1140 3973 1228 4038 domi
1260 3994 1338 4040 vero
1371 3996 1412 4040 ex
1465 3972 1549 4037 aliae
1584 3990 1710 4054 quoque
1744 3970 1784 4034 de
1818 3970 2021 4054 hypostatica
2053 3972 2175 4036 unione
2208 3972 2435 4053 sequebantur.

445 4053 574 4122 Servati
596 4055 768 4133 cineribus,
791 4067 904 4123 autore
925 4058 1064 4140 quodam
1088 4059 1264 4125 Valentino
1287 4060 1412 4125 Gentili
1463 4058 1556 4123 Haec
1567 4057 1750 4124 clanculum
1773 4057 1865 4121 initio
1887 4057 2107 4139 interpaucos
2128 4058 2219 4139 quasi
2241 4057 2436 4138 disputatio-

445 4141 631 4220 Gosentino,
654 4143 822 4208 teterrima
844 4144 1081 4209 Tritheitarum
1104 4144 1249 4211 haeresis
1271 4146 1413 4229 pullula·
1464 4145 1516 4209 nis
1538 4164 1636 4209 causa
1658 4143 1790 4227 agitata,
1813 4163 1949 4224 quorum
1962 4143 2127 4225 praecipui
2149 4144 2284 4207 fuerunt
2293 4143 2436 4208 Ioannes

445 4226 507 4293 bat
529 4228 647 4311 Itaque
664 4236 703 4293 ut
719 4229 785 4294 illis
802 4230 897 4296 maha
920 4239 1146 4296 occurreretur
1163 4232 1253 4297 missi
1272 4240 1350 4297 sunt
1371 4231 1414 4297 ad
1464 4231 1590 4295 Paulus
1612 4229 1775 4302 Alciatus,
1802 4228 2056 4294 Mediolanensis
2079 4229 2187 4305 miles,
2217 4235 2251 4293 et
2273 4227 2435 4312 Georgius

446 4311 643 4380 Germaniae
670 4315 842 4398 Principes
873 4336 948 4382 cum
971 4317 1101 4383 Oalviui
1134 4317 1251 4396 literis,
1281 4319 1337 4401 qui
1365 4325 1414 4382 tot
1464 4314 1645 4381 Blaudrata
1662 4313 1871 4392 Saluciensis,
1894 4315 2093 4397 professione
2109 4313 2264 4390 medicus,
2287 4314 2436 4379 taudem·

447 4399 652 4466 ecclesiarum
681 4401 919 4467 calamitatibus
955 4404 1112 4484 expositis
1146 4404 1413 4470 intercessionem
1464 4423 1527 4485 que
1555 4401 1671 4465 Italico
1704 4400 1907 4484 presbyterio
1936 4401 2091 4465 nunciata
2123 4421 2257 4466 causam
2289 4399 2435 4483 cogendo

447 4505 554 4550 eorum
583 4484 802 4570 postularent,
830 4486 908 4553 dum
933 4489 1070 4555 assiduis
1092 4488 1196 4554 literis
1217 4490 1343 4555 interea
1365 4489 1412 4553 la·
1465 4497 1561 4553 extra
1581 4484 1729 4551 ordinem
1751 4486 1856 4551 coetui
1874 4487 2104 4569 praebuerunt,
2128 4486 2182 4550 ubi
2204 4505 2312 4550 coram
2330 4485 2436 4551 delec-

447 4568 598 4637 borantes
620 4570 778 4639 Calvinus
807 4574 1027 4640 confirmabat
1072 4572 1157 4639 Oum
1182 4575 1308 4640 Gentili
1335 4596 1413 4641 vcro
1465 4575 1508 4639 tis
1530 4572 1734 4638 senatoribus
1752 4572 1967 4653 omnibusque
1988 4572 2147 4636 ministris
2168 4592 2206 4637 ac
2228 4570 2434 4656 presbyteris,

448 4655 520 4738 quid
548 4665 659 4725 actum
687 4661 745 4737 sit,
773 4660 845 4743 quis
874 4658 1012 4744 denique
1039 4659 1139 4725 fuerit
1160 4661 1254 4727 istius
1275 4662 1414 4728 monstri
1464 4659 1627 4743 patienter
1643 4657 1763 4724 auditis
1785 4679 1823 4723 ac
1843 4678 1885 4721 ex
1904 4656 1966 4722 Dei
1988 4658 2088 4733 verbo
2110 4676 2169 4738 per
2185 4656 2361 4722 Calvinum
2383 4678 2434 4722 re·

449 4745 552 4811 exitus
573 4745 685 4828 paucis
696 4744 963 4811 commemorabo.
1000 4746 1123 4812 Exstat
1144 4747 1232 4812 enim
1255 4749 1413 4815 totahaec
1465 4747 1576 4811 lutatis
1605 4764 1816 4827 quaecunque
1845 4743 1894 4807 illi
1921 4744 2066 4825 prolerre
2088 4742 2282 4821 voluerunt,
2311 4743 2360 4807 ita
2380 4763 2434 4808 res

1465 4839 1515 4896 est
1541 4830 1736 4913 composita,
1767 4838 1804 4893 ut
1831 4830 1970 4911 scriptae
1999 4827 2198 4893 orthodoxae
2225 4826 2301 4894 fidei
2322 4848 2435 4893 omncs

1464 4918 1541 4983 Itali
1569 4917 1681 4984 statim
1715 4913 1972 4992 subscriberent,
2002 4936 2060 4979 sex
2089 4914 2253 4979 duntaxat
2280 4913 2435 4996 exceptis,

529 5017 544 5069 1
574 5016 638 5071 aad.
658 5018 775 5088 quodam
792 5018 900 5074 homine
917 5020 1054 5074 nerbono
1071 5021 1252 5077 necerudito.
1464 5004 1520 5086 qui
1541 5011 1651 5068 tamen
1675 5009 1707 5066 ot
1730 5001 1792 5085 ipsi
1814 5008 1927 5084 postea
1949 5002 2083 5066 seorsim
2111 5001 2216 5067 vocati
2239 5021 2339 5065 manu
2361 5000 2433 5082 qui-

528 5018 559 5224 a}
575 5089 677 5169 uostris
695 5089 755 5142 unis
772 5103 846 5170 rere..
933 5158 939 5169 ι
970 5158 976 5170 ι
1125 5160 1131 5171 ,
1465 5090 1548 5168 dem,
1572 5088 1645 5173 acl)
1671 5087 1766 5154 corde
1784 5108 1849 5151 non
1871 5087 1960 5166 item,
1984 5095 2020 5150 ut
2042 5095 2154 5169 postea
2175 5085 2334 5169 apparuit,
2357 5085 2432 5150 sub·

527 5154 544 5209 3
573 5157 711 5226 srugulare
735 5159 861 5226 praebmt
883 5159 1046 5213 christianae
1067 5158 1235 5214 fortrtndinis
1259 5160 1412 5229 exemplum
1463 5176 1674 5259 scripserunt·
1718 5173 1863 5238 Rediens
1890 5171 1991 5256 igitur
2021 5171 2062 5236 ad
2090 5172 2260 5256 ingenium
2289 5170 2433 5236 Gonqffis

503 5263 544 5345 '4
573 5292 638 5348 agg
657 5294 773 5362 penitus.
1462 5261 1664 5343 eandemque
1677 5259 1910 5341 blasphemiam
1927 5279 2056 5324 rursum
2079 5278 2231 5342 spargere
2254 5256 2435 5340 deprehen·

527 5361 544 5414 5
572 5362 723 5417 uuavnr.
1026 5426 1029 5431 ,
1462 5369 1518 5413 sus
1540 5349 1675 5430 capitur,
1698 5354 1812 5429 captus
1834 5344 1917 5409 nihil
1939 5343 2139 5421 dissimulet,
2168 5342 2299 5407 auditus
2320 5362 2433 5426 quam·

527 5429 638 5569 13111111.
658 5432 874 5501 perditissimam.

572 5500 638 5554 cdd.
657 5502 704 5568 qui
721 5501 829 5555 detecta
839 5501 1025 5556 coniuratione
1043 5517 1076 5555 ex
1088 5502 1156 5556 urba
1170 5503 1256 5571 elapsi
1273 5501 1341 5556 nihil
1358 5519 1412 5557 nou

448 5575 550 5622 orante
590 5572 645 5623 orti
661 5574 694 5621 nt
710 5569 759 5624 has
776 5571 848 5624 inter
865 5587 894 5624 se
911 5570 1035 5624 civitates
1052 5573 1259 5626 committerent.

526 5637 555 5709 8)
592 5639 628 5692 ed
646 5637 716 5693 hanc
738 5641 964 5709 tranquillitatem
981 5641 1067 5693 multa
1084 5641 1201 5695 riciaum
1218 5642 1333 5697 adversa
1350 5657 1411 5696 con·
1549 5637 1562 5688 l
1594 5637 1666 5716 lege:
1683 5636 1805 5689 fictitiam
1824 5651 1883 5690 cum
1900 5633 1940 5688 ed·
1960 5631 2027 5687 1576
2045 5629 2158 5688 tt'alt't't·

448 5706 585 5763 turbarunt
600 5707 696 5777 (rece.)
1548 5705 1566 5758 2
1596 5720 1636 5760 sac
1653 5703 1712 5760 colu
1729 5706 1863 5774 prime.
1890 5703 2031 5771 Legerat.

450 5237 502 5278 Μ
