5775 6867
1411 1941 1503 2039 ΠΙ.

1091 2144 1344 2233 IOANNIS
1377 2146 1632 2232 OALVINI
1661 2148 1813 2231 VITA

789 2317 819 2380 Δ
842 2314 1013 2381 Theodoro
1035 2315 1123 2379 Besa
1145 2313 1353 2380 Genevensis
1374 2312 1529 2379 eeclesiae
1552 2314 1701 2380 ministro
1723 2321 1874 2380 accurate
1896 2310 2068 2393 descripta.
2083 2310 2108 2394 ¹)

536 2521 574 2588 Si
595 2522 667 2605 quis
690 2520 753 2584 erit
771 2520 828 2601 qui
845 2540 899 2585 me
917 2518 980 2584 alio
999 2539 1096 2603 quam
1114 2518 1257 2582 tuendae
1275 2517 1424 2583 veritatis
1477 2519 1602 2599 haberi,
1623 2521 1678 2601 qui
1701 2527 1811 2583 tamen
1834 2518 1959 2601 quoties
1988 2516 2068 2581 libet
2091 2514 2287 2581 Sanctorum
2310 2515 2455 2582 cultores

448 2607 558 2675 studio
580 2606 747 2672 existimet
769 2605 810 2669 ad
834 2605 919 2670 hanc
941 2604 1077 2669 Ioannis
1095 2604 1224 2669 Caluini
1243 2606 1346 2668 vitam
1369 2604 1423 2667 de-
1478 2614 1514 2669 ut
1548 2605 1735 2670 idololatras
1769 2602 2055 2686 reprehendamus.
2100 2601 2270 2678 Clamant,
2306 2601 2453 2683 inquam,

450 2691 655 2760 scribendam
684 2692 873 2767 accessisse,
905 2689 1000 2755 facile
1034 2711 1087 2754 me
1113 2700 1152 2753 ut
1179 2710 1273 2772 spero
1300 2688 1341 2753 ab
1362 2687 1425 2752 hac
1477 2692 1531 2755 isti
1564 2700 1722 2774 quantum
1755 2698 1788 2755 et
1821 2688 1976 2771 quamdiu
2008 2687 2128 2752 volent.
2173 2687 2343 2752 Habemus
2365 2684 2455 2769 quod

449 2778 615 2846 calumnia
636 2797 791 2859 praeseus
812 2796 924 2841 rernm
948 2776 1164 2840 humanarum
1187 2783 1293 2840 status
1315 2773 1423 2839 vindi·
1476 2776 1543 2842 illis
1565 2794 1768 2860 regeramus:
1799 2795 1916 2857 nempe
1937 2773 2034 2856 longe
2058 2772 2146 2838 aliud
2170 2794 2240 2837 esse
2261 2794 2340 2839 vere
2361 2792 2456 2838 sano·

449 2865 544 2931 cabit.
589 2864 657 2927 Vix
681 2862 766 2925 enim
790 2861 895 2925 ullum
917 2869 966 2926 est
986 2860 1117 2925 brevius
1150 2861 1191 2925 ad
1219 2881 1348 2924 omnem
1370 2881 1424 2925 ca·
1477 2874 1584 2927 torum
1626 2863 1794 2927 hominum
1834 2860 1960 2926 labores
1992 2880 2051 2942 pro
2084 2859 2240 2942 religione
2273 2868 2454 2942 susceptos,

448 2950 630 3015 lamitatem
660 2945 902 3029 compendium,
936 2966 1032 3029 quam
1066 2947 1225 3011 virtutem
1257 2944 1423 3010 laudasse:
1477 2947 1564 3013 dicta
1604 2948 1744 3030 deniqne
1783 2953 1817 3011 et
1855 2945 1942 3010 facta
1982 2965 2252 3022 commemorare,
2296 2947 2453 3027 (quarum

448 3044 615 3100 extremae
636 3054 714 3099 vero
737 3031 917 3097 dementiae
938 3032 1045 3109 fuerit,
1069 3031 1153 3113 quod
1175 3031 1299 3097 malum
1319 3032 1424 3114 possis
1477 3054 1586 3099 rerum
1621 3033 1806 3117 cognitione
1838 3032 1913 3096 boni
1946 3031 2098 3095 meliores
2120 3031 2277 3107 evadant,
2310 3029 2454 3111 improbi

447 3120 500 3188 vel
527 3139 595 3184 uno
625 3119 753 3185 silentio
782 3118 960 3196 redimere,
990 3116 1025 3181 id
1053 3117 1141 3181 ultro
1168 3118 1227 3182 tibi
1250 3136 1422 3182 accersere.
1477 3140 1556 3185 vero
1579 3119 1829 3203 redarguantur,
1847 3117 1903 3200 qui
1920 3117 2014 3181 nobis
2032 3137 2119 3180 unus
2136 3126 2186 3180 est
2203 3136 2320 3199 scopus
2337 3117 2371 3179 in
2390 3115 2456 3183 hoc

443 3203 542 3288 Quod
571 3205 600 3271 si
630 3205 847 3270 commutem
878 3203 1007 3286 quidem
1037 3203 1138 3268 ullam
1168 3202 1303 3285 impune
1329 3223 1423 3285 prae·
1476 3206 1673 3288 scriptorum
1695 3208 1847 3289 genere),
1879 3224 1987 3285 quam,
2021 3211 2058 3266 ut
2079 3202 2141 3284 ipsi
2164 3203 2298 3278 faciunt,
2331 3201 2456 3284 partim

443 3290 554 3358 dicare
586 3291 759 3375 patiuntur
791 3289 956 3369 scelerati,
987 3287 1065 3372 quid
1094 3289 1135 3354 iis
1167 3286 1424 3371 exspectandum
1477 3311 1554 3357 vere
1576 3299 1762 3358 sanctorum
1791 3290 1960 3355 hominum
1983 3289 2086 3352 vitam
2115 3308 2181 3352 non
2210 3288 2320 3352 minus
2341 3286 2456 3370 impiis

446 3387 513 3455 est,
548 3377 667 3458 quibus
688 3376 859 3457 pietatem,
891 3374 925 3439 id
953 3382 1003 3440 est
1031 3373 1185 3458 quiddam
1207 3374 1280 3457 ipsa
1301 3375 1424 3440 virtute
1476 3397 1574 3461 quam
1610 3378 1730 3460 ineptis
1763 3376 2005 3441 narrationibus
2038 3374 2091 3455 (ut
2123 3374 2208 3457 quod
2237 3370 2362 3438 Abdias
2395 3372 2456 3439 ille

446 3464 608 3547 superius,
626 3459 815 3544 praedicare
832 3462 1036 3543 propositum
1048 3459 1118 3526 est?
1141 3461 1195 3527 cui
1207 3481 1272 3524 non
1283 3458 1424 3543 improbi
1477 3464 1585 3529 nescio
1604 3463 1676 3546 quis
1694 3463 1730 3527 in
1742 3461 1975 3545 Apostolorum
1994 3460 2132 3524 historia
2143 3458 2235 3540 lecit)
2248 3457 2455 3539 dedecorare,

446 3557 579 3615 tantum
601 3548 751 3613 homines
774 3546 1008 3625 adversantur,
1031 3546 1088 3611 sed
1112 3547 1209 3610 etiam
1232 3545 1424 3629 plerumque
1476 3549 1596 3632 partim
1620 3570 1661 3614 ex
1683 3547 1899 3630 putidissimis
1921 3543 2099 3611 mendaciis
2117 3545 2279 3610 fabulosas
2298 3545 2458 3611 historias

445 3636 556 3719 iiipsi
580 3633 700 3699 bellum
724 3632 932 3708 indixerunt,
961 3633 1015 3714 qui
1038 3633 1182 3697 maxime
1203 3632 1297 3716 probi
1319 3631 1423 3698 videri
1477 3637 1573 3719 (quas
1613 3635 1712 3719 vulgo
1745 3633 1920 3717 Legendas
1957 3653 2073 3698 aureas
2112 3632 2252 3697 barbaro
2284 3631 2457 3711 vocabulo,

446 3742 485 3787 ao
513 3719 680 3785 interdurn
708 3739 778 3783 esse
808 3717 952 3783 student.
996 3717 1066 3784 Nec
1098 3719 1185 3783 enim
1219 3718 1302 3783 ullos
1323 3717 1425 3782 habet
1477 3741 1537 3803 ego
1555 3718 1766 3803 Ablegandes
1789 3728 1968 3784 stercoreas
1990 3718 2132 3801 appello)
2150 3719 2300 3795 conflare,
2324 3736 2363 3782 ac
2379 3723 2457 3782 tan-

447 3808 555 3892 pietas
577 3805 716 3869 acriores
733 3804 894 3884 inimicos,
917 3823 1013 3885 quam
1037 3823 1090 3868 eos
1112 3805 1209 3886 ipsos,
1231 3804 1287 3887 qui
1309 3802 1423 3868 falsam
1478 3806 1551 3872 dem
1581 3807 1679 3871 etiam
1707 3812 1857 3871 veterum
1886 3803 2021 3869 deorum
2048 3803 2138 3868 idola
2166 3803 2301 3868 mutatis
2322 3809 2457 3868 tautum

448 3891 643 3975 religionem
672 3908 834 3972 pruvera
862 3890 947 3954 serio
976 3898 1054 3954 sunt
1075 3889 1228 3971 amplexi.
1272 3887 1340 3955 Sed
1362 3890 1425 3954 ista
1477 3892 1662 3958 nominibus
1682 3891 1717 3955 iu
1740 3911 1835 3956 nsum
1857 3910 2020 3956 revocare.
2064 3890 2145 3954 Tam
2173 3889 2276 3973 igitur
2298 3889 2458 3955 absumus

448 3999 502 4043 me
524 3976 737 4060 quantumvis
758 3975 793 4039 in
817 3976 957 4056 speciem
979 3974 1139 4040 terribilia
1160 3975 1294 4039 minime
1312 3983 1425 4040 tamen
1477 3979 1517 4044 ab
1541 3978 1611 4043 istis
1634 3986 1835 4043 mortuorum
1858 3977 2054 4054 cultoribus,
2085 3996 2181 4058 quam
2211 3973 2365 4040 tenebrae
2387 3974 2457 4042 luci

450 4062 671 4147 perculerunt.
727 4060 837 4143 Turpe
868 4060 954 4125 enim
987 4060 1104 4139 fuerit,
1141 4060 1302 4126 malorum
1336 4070 1426 4126 metu
1477 4073 1672 4147 repugnant.
1715 4063 1804 4128 Illud
1825 4064 1912 4128 enim
1935 4062 2152 4127 severissimis
2174 4061 2295 4126 additis
2317 4060 2457 4125 commi·

450 4150 551 4215 bonos
574 4146 670 4213 silere
692 4153 725 4210 et
747 4145 1045 4229 superstitiosorum
1074 4145 1270 4212 elamoribus
1291 4166 1425 4229 oppres·
1477 4148 1667 4214 nationibus
1695 4148 1845 4232 prohibet
1867 4148 2046 4213 Dominus:
2080 4168 2139 4212 nos
2161 4148 2233 4212 Deo
2260 4145 2386 4211 iubenti
2417 4147 2456 4212 in

451 4255 520 4301 sam
554 4231 721 4317 religionis
749 4253 863 4298 vocem
896 4234 1119 4298 conticescere.
1161 4232 1258 4314 Quod
1292 4235 1320 4298 si
1353 4232 1426 4315 quis
1478 4236 1580 4318 ipsius
1613 4255 1711 4317 opera
1743 4234 1887 4316 corporis
1920 4241 1953 4298 et
1985 4233 2104 4299 mentis
2138 4233 2249 4298 oculos
2280 4230 2457 4298 intendere

453 4320 611 4401 excipiat,
641 4320 738 4401 longe
767 4317 956 4383 aliudesse
985 4317 1116 4384 Oalvini
1145 4319 1246 4383 vitam
1275 4319 1425 4395 scribere,
1478 4322 1695 4403 obsequimur.
1750 4321 1855 4386 Nemo
1888 4320 1974 4385 enim
2008 4330 2074 4397 est,
2117 4321 2249 4403 opinor,
2293 4319 2347 4401 qui
2384 4338 2455 4384 non

453 4426 551 4489 quam
584 4404 756 4469 veritatem
790 4402 978 4481 defendere,
1011 4403 1136 4469 fatebor
1171 4404 1320 4486 equidem
1355 4424 1425 4488 ego,
1479 4407 1627 4472 homines
1656 4409 1743 4471 inter
1771 4406 1882 4470 omnia
1905 4406 1969 4471 Dei
1996 4426 2110 4488 opera,
2144 4414 2178 4468 et
2205 4426 2335 4470 rursum
2365 4404 2456 4469 inter

453 4492 550 4576 longe
583 4488 673 4554 aliud
706 4511 777 4554 esse
809 4487 975 4554 hominem
1008 4509 1104 4572 quam
1138 4494 1326 4555 veritatem:
1369 4488 1426 4554 sed
1479 4500 1623 4559 caeteros
1645 4493 1800 4558 mortales
1823 4512 1894 4569 eos,
1927 4492 1983 4573 qui
2005 4493 2177 4556 sanctitate
2198 4490 2294 4556 simul
2319 4512 2357 4557 ac
2379 4489 2456 4557 doe-

453 4576 515 4643 hoo
538 4584 647 4640 tamen
671 4575 778 4640 dicere
800 4596 863 4639 non
885 4576 1082 4654 erubescam,
1105 4575 1190 4640 haud
1215 4586 1339 4641 temere
1361 4575 1427 4640 dic-
1453 4640 1455 4644 ,
1479 4579 1567 4643 trina
1589 4579 1721 4663 pollent,
1747 4578 1891 4643 maxime
1911 4577 2005 4643 nobis
2027 4578 2267 4661 cognoscendos
2288 4583 2321 4642 et
2341 4575 2455 4642 obser-

454 4671 524 4727 tum
546 4682 617 4727 esse
639 4660 679 4724 ab
697 4682 745 4740 eo,
768 4661 822 4743 qui
845 4669 896 4726 est
913 4658 1097 4739 αὖταλήθεια
1114 4662 1221 4741 (Ioan.
1241 4667 1283 4726 20
1300 4683 1333 4726 v.
1354 4664 1426 4742 21):
1479 4665 1604 4730 vandos
1637 4685 1707 4730 esse
1738 4665 1889 4729 fateatur.
1948 4663 2022 4728 Non
2056 4672 2178 4728 temere
2211 4672 2299 4728 certe
2330 4662 2454 4728 Daniel

454 4747 549 4815 Sicut
570 4746 662 4811 misit
683 4766 736 4811 me
757 4758 857 4828 pater,
880 4747 927 4811 ita
945 4754 978 4810 et
995 4768 1055 4830 ego
1072 4748 1167 4812 mitto
1183 4767 1253 4825 vos,
1275 4758 1309 4812 et
1328 4747 1426 4828 (Luc.
1453 4808 1454 4813 ,
1480 4751 1583 4816 stellis
1594 4759 1760 4832 comparat
1781 4759 1908 4814 sanctos
1920 4750 1983 4813 Dei
1996 4749 2152 4825 homines,
2175 4750 2276 4832 (Dan.
2293 4753 2339 4815 12.
2362 4771 2394 4816 v.
2417 4750 2453 4832 3)

458 4839 506 4899 10.
529 4856 560 4899 v.
587 4833 650 4917 16.)
695 4831 761 4914 Qui
794 4853 854 4898 vos
882 4833 989 4910 audit,
1022 4854 1075 4896 me
1104 4831 1203 4899 audit.
1249 4832 1428 4898 clamitent
1479 4839 1534 4919 qui
1554 4836 1718 4901 felicitatis
1743 4836 1807 4899 iter
1834 4855 1893 4901 suo
1922 4833 2095 4917 splendore
2127 4836 2264 4902 caeteris
2285 4855 2454 4902 common·

453 4921 554 5005 igitur
573 4919 731 4997 homines,
754 4927 823 4982 tum
843 4919 898 4999 qni
916 4918 948 4982 id
967 4916 1027 4984 sibi
1045 4939 1105 5001 per
1121 4920 1341 5003 ignorantiam
1353 4939 1426 5001 per·
1453 4966 1454 4998 r
1478 4929 1599 4989 strant:
1621 4941 1759 5004 qnorum
1780 4922 1940 5005 fulgorem
1963 4922 2019 5004 qui
2041 4929 2145 4986 totum
2164 4923 2329 5006 exstingui
2346 4931 2454 4988 morte

454 5013 637 5084 suaserunt,
659 5013 731 5068 tum
753 5004 808 5086 qui
826 5024 884 5086 per
905 5004 1148 5086 improbitatem
1166 5005 1213 5070 sic
1235 5005 1427 5087 loquuntur,
1453 5016 1454 5021 ’
1479 5009 1667 5091 patiuntur,
1698 5007 1790 5091 digni
1818 5015 1895 5072 eunt
1916 5029 1996 5090 quos
2018 5007 2173 5073 tenebrae
2194 5028 2324 5072 rursum
2347 5008 2453 5074 multo

455 5092 658 5168 Luthernm,
688 5088 904 5173 Zwinglium,
927 5088 1103 5154 Calvinum
1126 5111 1146 5155 a
1167 5092 1261 5155 nobis
1282 5111 1343 5174 pro
1366 5091 1427 5155 diis
1479 5115 1577 5177 quam
1598 5102 1696 5158 antea
1717 5093 1883 5158 densiores
1903 5093 2071 5158 invadant.
2115 5093 2291 5158 Caeterum
2314 5115 2356 5159 ne
2377 5093 2453 5160 illos

1478 5178 1608 5261 quidem
1626 5180 1751 5262 placuit
1771 5179 1903 5258 imitari,
1926 5181 1982 5261 qni
2000 5179 2078 5244 dum
2096 5177 2290 5243 racemata
2310 5189 2344 5245 et
2360 5199 2453 5258 πανη-

540 5278 570 5348 1)
587 5276 714 5346 Papa'nca
734 5282 861 5332 commas
883 5276 923 5332 ed
944 5275 1107 5331 &mmsis
1133 5276 1202 5330 1575
1226 5276 1321 5347 (1576)
1335 5278 1383 5343 sot
1401 5284 1427 5333 et
1478 5264 1595 5349 γυρικόν
1633 5265 1715 5330 illud
1755 5264 1883 5331 dicendi
1923 5287 2027 5350 genus
2058 5274 2237 5345 sectantur,
2277 5267 2451 5332 venustem

454 5349 496 5401 ’ἃ
521 5347 733 5401 Lauronensia
758 5344 831 5398 1576.
855 5345 879 5399 8.
917 5345 1071 5400 helim
1094 5347 1126 5398 ὑ*
1152 5353 1226 5400 aaa
1249 5348 1426 5414 ‘curium
1451 5388 1453 5395 ‹
1477 5372 1544 5415 non
1578 5361 1644 5416 tam
1677 5360 1893 5427 exornarunt,
1937 5373 2034 5434 quam
2067 5358 2250 5434 suspectam
2283 5351 2453 5417 nonnullis

455 5422 568 5470 actm
591 5421 616 5470 et
638 5415 820 5470 arabmlicaas
838 5414 992 5480 Baccara,
1018 5416 1051 5467 ia
1071 5417 1196 5484 marciae
1216 5418 1324 5482 passim
1348 5417 1426 5471 eclec-

454 5487 540 5539 tiores
557 5484 697 5537 comatre
718 5499 788 5553 quae
811 5483 942 5538 editiones
963 5483 1126 5565 receatiorcs
1140 5485 1283 5552 praebeat,
1309 5485 1427 5540 metue
1450 5496 1452 5559 j
1631 5523 1637 5535 .
1992 5526 1999 5538 .
2072 5525 2079 5538 .
2103 5525 2110 5538 .
2192 5524 2199 5537 .
2381 5525 2388 5539 .

455 5552 494 5609 ,a
510 5552 779 5607 mmmm
804 5567 954 5621 amma„
995 5551 1139 5610 Mem,
1164 5553 1242 5607 mod,
1269 5553 1322 5608 pm
1346 5554 1425 5608 „040
1450 5564 1453 5583 .
1478 5543 1555 5587 vere
1576 5525 1749 5589 scriberem
1773 5523 1939 5601 laborans,
1973 5523 2112 5607 simplici
2134 5533 2241 5608 potrus
2264 5533 2454 5590 narmuone

452 5623 529 5677 sven
545 5623 652 5688 recepit.
1450 5622 1453 5687 t
1476 5608 1634 5674 utendum
1655 5608 1778 5692 putavi.

1477 5435 1698 5503 reddiderunt
1742 5438 1859 5519 Itaque
1888 5458 1954 5502 non
1983 5458 2083 5520 quam
2111 5446 2241 5517 ornate,
2274 5436 2332 5503 sed
2353 5458 2452 5520 quam
